1651 2700
712 149 972 184 —170—

628 252 689 285 129.
719 252 763 283 De
781 251 878 282 beata
896 250 998 281 Maria
1019 249 1055 280 V.

229 349 236 356 .
263 324 344 363 Quid
370 324 497 364 vigoris,
525 323 601 364 quid
626 322 753 362 amoris,

263 371 344 411 Quid
370 370 510 409 affectus,
536 370 611 410 quid
639 369 777 401 dulcoris

309 418 417 452 Habet
439 426 552 450 nomen
576 416 718 456 virginis,

262 466 323 498 Est
347 466 496 505 expertus
521 466 605 496 totus
630 462 776 503 mundus,

263 512 332 545 Scit
353 514 506 553 peccator
528 514 560 543 et
582 509 773 552 immundus,

309 562 395 600 Quae
417 567 489 599 spes
514 557 606 590 huius
631 556 776 589 nominis.

229 660 237 667 .
262 635 381 667 Dicant
403 635 462 673 illi,
488 633 541 673 qui
567 632 718 672 damnati,

262 682 325 714 Sed
350 682 392 712 ad
419 682 513 713 vitam
539 679 681 711 revocati

308 728 389 760 Sunt
406 727 532 759 Mariae
555 727 717 768 precibus,

259 775 354 807 Dicat
378 775 434 806 ille
460 774 646 814 desperatus

260 822 461 860 Vicedomus‚
488 822 545 853 sed
570 822 711 853 salvatus

306 869 356 901 De
380 868 497 901 inferni
523 868 678 902 faucibus.

227 970 234 978 .
260 944 378 977 Dicant
402 953 510 977 omnes
537 944 682 977 tribulati

259 992 304 1024 Et
327 993 467 1032 peccatis
493 992 626 1034 onerati,

306 1038 372 1072 Ubi
391 1040 434 1071 sit
458 1038 624 1080 refugium,

262 1087 316 1118 Ad
340 1087 522 1127 petendum,
549 1086 591 1119 ad
616 1085 795 1118 habendum

263 1133 365 1173 Certe,
392 1136 460 1165 tute
484 1134 711 1165 recurrendum

310 1181 364 1212 Ad
386 1180 494 1212 Maria
518 1181 682 1221 gremium.

229 1283 236 1291 .
263 1257 315 1289 Ad
340 1256 422 1288 hanc
447 1258 578 1288 currunt
602 1264 709 1288 omnes
734 1256 792 1298 rei,

260 1303 311 1336 Ibi
336 1313 453 1336 annum
476 1303 607 1335 iubilaei

306 1350 415 1383 Habet
437 1354 547 1382 nostra
571 1351 717 1390 servitus,

259 1399 337 1438 Ipsa
361 1398 439 1430 lima
461 1402 675 1438 peccatorum,

265 1445 345 1485 Spes
375 1445 529 1484 dolorum,
556 1446 643 1477 scala
666 1453 799 1487 morum,

307 1493 371 1526 Via
396 1493 501 1525 scalae
527 1493 668 1527 caelitus,

228 1594 236 1601 .
264 1567 424 1607 Quidquid
450 1570 499 1599 est
522 1568 555 1599 in
583 1567 735 1600 creaturis

259 1614 368 1654 Bonis,
393 1614 498 1652 eastiS,
524 1615 661 1658 mundis,
687 1616 788 1656 puris,

305 1661 427 1693 Nomen
456 1665 550 1701 parat
573 1662 715 1704 virginis,

259 1708 411 1747 Quodque
436 1710 481 1740 ita
505 1709 695 1752 nominatur,

258 1755 323 1787 Per
348 1754 491 1788 effectum
518 1757 751 1797 comprobatur,

309 1802 385 1835 Cum
421 1812 487 1835 rem
509 1803 641 1844 praebet
665 1805 811 1839 nominis,

230 1904 237 1912 .
264 1879 340 1919 Ipsa
364 1878 497 1919 fructuS,
523 1878 614 1912 ferax
639 1880 745 1921 telluS,

261 1926 430 1967 Irrigatum
455 1935 529 1959 rore
552 1928 664 1969 vellus,

305 1974 383 2013 Ipsa
407 1975 493 2006 sicca
517 1984 601 2017 area,

259 2020 336 2060 Ipsa
350 2021 470 2062 domus,
488 2022 651 2065 templum,
667 2023 809 2064 thronus,

261 2067 387 2105 Portus,
412 2071 515 2110 porta,
540 2071 672 2109 portans
696 2078 785 2113 onus,

309 2114 450 2148 Granum
474 2116 542 2147 sine
566 2117 670 2156 palea.

227 2207 234 2214 .
259 2180 375 2213 Botrus
399 2181 508 2224 Cypri,
534 2182 667 2221 palmes,
693 2183 809 2223 palma,

260 2228 380 2261 Cedrus
405 2229 483 2270 alta,
510 2229 582 2261 vitis
606 2230 698 2274 alma,

307 2277 482 2316 Cupressus
507 2276 546 2307 de
568 2276 701 2317 Libano,

256 2324 367 2363 Terra,
393 2331 490 2366 mare,
522 2332 585 2364 aer,
611 2324 692 2364 ignis

257 2372 404 2413 PortanS,
431 2371 558 2413 vehem,
585 2372 711 2411 spirans
727 2373 810 2414 ignis

304 2420 342 2452 Iu
369 2420 484 2451 amoris
510 2418 646 2452 clibano.

909 321 941 353 8.

886 973 939 1006 10.

885 1275 939 1309 11.

884 1580 938 1613 12.

882 1882 936 1917 13.

881 2187 937 2220 14.

966 318 1075 351 Tuber
1099 316 1181 357 rubi,
1208 316 1326 348 rubens
1351 325 1434 358 rosa,

966 366 1129 398 Violarum
1159 363 1310 406 gratiosa,

1013 411 1179 444 Acanthus
1203 415 1235 443 et
1257 411 1371 453 lffium,

966 461 1014 493 Tu
1039 462 1221 500 murtetum,
1248 459 1409 496 olivetum,

965 508 1015 540 Tu
1039 508 1199 539 lauretum
1223 509 1256 539 et
1280 507 1432 545 rosetum,

1014 554 1092 587 Flos
1119 555 1223 594 campi
1247 552 1449 586 convallium.

966 621 1108 663 Nardus,
1120 629 1241 662 murra,
1257 620 1341 664 thus,
1356 619 1498 659 pigmen-

1270 669 1347 708 tum,

969 715 1219 756 cinnamomum,
1248 715 1469 754 calamentum,

1015 762 1144 803 Crocus,
1169 770 1306 802 muscus,
1334 761 1451 804 fistula,

966 810 1092 854 Storax,
1120 812 1223 842 stacte
1246 813 1277 841 et
1302 818 1469 853 amomum,

965 858 1050 901 NuX,
1074 858 1190 899 resina,
1216 858 1346 897 replens
1374 858 1500 890 domum

1013 908 1202 938 Aromatum
1229 906 1355 940 cellula.

965 972 1034 1004 Mel
1060 972 1210 1015 dulcoris,
1237 970 1296 1004 flos
1322 972 1441 1012 odoris,

964 1020 1051 1052 Fons
1075 1020 1225 1064 stuporis,
1258 1029 1339 1060 pons
1365 1019 1496 1060 laboriS,

1011 1067 1207 1107 Incorrupta
1229 1067 1404 1108 balsamus,

965 1116 1061 1157 Arca,
1087 1115 1180 1154 liber,
1207 1116 1442 1157 testamentum,

964 1163 1076 1201 Virga,
1102 1171 1228 1201 manna,
1249 1163 1496 1205 condimentum,

1013 1209 1177 1242 Castitatis
1202 1210 1373 1242 thalamus.

967 1276 1099 1320 Sponsa,
1133 1277 1267 1309 coniunx
1295 1276 1472 1317 coniugata,

966 1323 1074 1355 Mater
1097 1324 1210 1364 patris,
1237 1325 1304 1356 nati
1330 1327 1416 1367 nata,

1014 1371 1122 1412 Virgo,
1151 1371 1247 1404 decus
1273 1372 1441 1413 virginum,

965 1419 1179 1458 Leprosorum
1205 1419 1374 1459 medicina,

964 1466 1173 1498 Menstruatis
1198 1465 1280 1505 fonS,
1306 1467 1442 1508 piscina,

1011 1513 1099 1555 Vita,
1124 1514 1211 1546 salus
1234 1514 1407 1547 hominum.

964 1579 1065 1619 Ebur,
1089 1580 1187 1612 vestis
1212 1580 1365 1621 pretiosa,

963 1628 1126 1670 Inaurata,
1153 1628 1293 1667 gloriosa

1011 1674 1060 1707 Tu
1085 1675 1196 1706 talaris
1222 1676 1341 1717 tunica,

964 1721 1142 1761 sceptrum,
1176 1726 1307 1764 sertum,
1336 1724 1494 1764 diadema,

964 1769 1012 1800 Tu
1038 1768 1199 1802 Samsonis
1225 1779 1258 1802 es
1283 1771 1460 1813 problema,

1011 1816 1092 1857 Spes
1119 1821 1194 1858 post
1217 1818 1320 1850 Deum
1345 1819 1448 1853 unica.

963 1884 1013 1916 Tu
1039 1892 1072 1915 es
1097 1884 1326 1924 propositionis

963 1931 1078 1964 Mensa
1101 1941 1229 1972 panum,
1258 1941 1328 1965 cum
1353 1936 1479 1967 coronis

1010 1978 1286 2021 Propitiatorium,

962 2026 1053 2059 Urna
1078 2027 1168 2069 legis,
1194 2027 1296 2061 funda
1319 2029 1440 2070 David,

963 2075 1030 2114 Quo
1056 2074 1182 2107 Goliam
1206 2078 1349 2108 nostrum
1368 2079 1496 2118 stravit,

1010 2121 1059 2154 Tu
1084 2123 1333 2157 reclinatorium.

962 2187 1137 2221 Sunamitis
1160 2189 1294 2231 Elisaei,

960 2236 1047 2275 Quae
1069 2238 1260 2278 quandoque
1285 2238 1364 2271 fecit
1389 2240 1419 2271 ei

1009 2284 1155 2317 Mensam
1181 2288 1213 2317 et
1238 2288 1436 2327 cenaculum,

962 2330 1084 2363 Hortus
1099 2333 1235 2375 clausus,
1253 2333 1326 2366 fons
1339 2336 1494 2377 signatus,

961 2378 1082 2410 Austro
1111 2380 1177 2411 leni
1201 2383 1256 2421 qui
1280 2381 1445 2427 perflatus,

1011 2425 1061 2457 Tu
1084 2427 1183 2459 Ionae
1207 2429 1438 2465 umbraculum.
