1651 2700
217 282 250 316 7.

726 181 981 217 —158—

276 282 301 314 O
327 281 442 322 Maria,
467 281 553 313 vitae
575 289 666 323 vena,
917 278 950 311 9.
975 277 1000 310 O
1027 275 1143 316 Maria,
1168 275 1254 308 mitis
1279 285 1364 316 rosa,

276 329 421 369 Spiritali
445 337 519 360 rore
542 327 637 368 plena
975 323 1095 356 Sorech
1120 324 1193 355 vit-is
1218 323 1372 363 pretiosa,

321 377 463 416 Totaque
488 374 665 417 dulcedine,
1022 370 1138 404 Vinum
1164 371 1242 402 dans
1267 371 1418 409 laetitiae,

274 425 374 457 Preoe
397 425 452 455 tua
476 423 565 454 salva
589 429 687 462 reum,
974 417 1108 457 Suscipe
1131 427 1192 458 me,
1218 420 1321 450 mater
1344 417 1438 457 bona,

275 471 377 510 Reple
401 472 537 501 mentem
562 471 594 499 et
618 477 672 500 cor
695 475 799 499 meum
974 466 1030 497 Me
1056 465 1095 497 do
1121 465 1190 507 tibi,
1217 465 1295 498 mihi
1322 465 1405 496 dona

322 517 458 551 Caelesti
482 515 684 557 pinguedine.
1021 513 1141 545 Locum
1164 512 1393 553 indulgentiae.

216 576 247 609 8.
275 575 299 607 O
325 574 440 614 Maria,
466 573 562 604 maris
586 574 707 612 portus,
893 570 947 604 10.
975 570 1000 602 Ο
1025 568 1141 607 Maria,
1169 569 1249 601 caeli
1272 572 1377 609 porta,

272 621 323 653 De
351 630 412 661 qua
433 620 525 652 vivus
549 617 621 651 fons
646 621 696 650 est
723 620 821 661 ortus,
973 617 1160 648 Desolatum
1183 624 1236 648 me
1259 615 1416 656 conforta,

322 668 381 707 Qui
404 670 496 698 sanat
520 669 552 698 et
571 666 679 713 satiat,
1023 664 1106 695 Mihi
1123 664 1167 695 sis
1182 664 1333 705 propitia,

275 715 362 747 Odor
385 717 458 746 tuae
482 713 661 745 sanctitatis
976 713 1112 750 Protege
1131 720 1193 752 me,
1219 710 1280 743 Dei
1307 711 1396 751 cella,

272 762 375 793 Eruat
398 769 449 792 me
475 761 514 793 de
539 761 679 800 peccatis
977 758 1028 790 Ne
1051 758 1195 791 involvat
1216 767 1268 790 me
1294 757 1438 798 procella

319 808 364 840 Et
385 808 506 840 salvum
530 816 580 839 me
603 806 712 841 faciat.
1025 806 1072 838 Et
1095 809 1267 847 tempestas
1294 805 1397 839 obviat

555 864 608 898 11.
635 865 718 906 Iesu,
744 864 875 896 verbum
900 864 1012 895 summi
1035 862 1149 903 patris,

633 911 734 945 Serva
757 920 867 943 servos
891 913 965 942 tuae
989 911 1102 943 matris

680 961 800 992 Locum
827 959 946 998 donans
970 959 1092 998 veniae,

635 1006 731 1039 Salva
757 1015 839 1047 reos,
865 1006 955 1038 salva
979 1006 1077 1046 gratis

634 1054 678 1086 Et
702 1062 759 1085 nos
784 1056 858 1085 tuae
879 1053 1033 1085 claritatis

683 1099 851 1141 configura
874 1100 1005 1141 gloriae.

278 1175 347 1203 Cod.
357 1176 477 1203 Trecen.
487 1175 535 1210 (ol.
549 1172 754 1210 claravallen.)
769 1173 850 1203 1612.
865 1183 941 1203 saec.
952 1172 995 1202 15.
1005 1189 1043 1193 —-
1057 1173 1271 1210 Weitgehende
1279 1174 1508 1209 Entlehnungen

201 1221 254 1240 aus
274 1212 368 1240 Adam
387 1213 566 1241 Victorinus.

244 2136 252 2143 .
277 2112 324 2143 Te
347 2112 477 2152 Moyses
502 2117 535 2146 et
558 2113 668 2146 Aaron

641 1345 698 1377 114.
729 1345 772 1377 De
791 1346 887 1376 beata
906 1344 1009 1376 Maria
1027 1345 1064 1375 V.

242 1450 248 1456 .
275 1423 300 1455 O
326 1426 437 1463 mater,
463 1424 552 1464 virgo
578 1424 744 1465 virginum,
897 1423 928 1455 6.
955 1423 1018 1455 Per
1041 1425 1074 1454 te
1097 1421 1205 1454 David
1230 1422 1329 1462 opilio

275 1469 325 1501 Tu
351 1470 505 1503 castitatis
530 1471 642 1510 lilium,
956 1470 1059 1510 Regni
1084 1469 1176 1501 sedet
1198 1470 1230 1501 in
1257 1470 1348 1510 solio,

276 1517 443 1550 Trinitatis
468 1518 652 1560 triclinium,
957 1517 1004 1548 Te
1029 1517 1177 1549 Salomon
1201 1517 1234 1549 in
1260 1516 1381 1549 ferculo

275 1564 381 1596 Vitam
406 1565 508 1596 tulisti
534 1566 681 1606 omnium,
956 1564 1084 1596 Throno
1110 1564 1215 1604 signat
1240 1564 1388 1598 eburneo.

277 1612 302 1644 O
327 1615 441 1652 mater,
465 1614 555 1653 virgo
580 1613 749 1653 virginum.

274 1668 390 1709 Maria,
418 1667 488 1700 fons
513 1669 668 1710 paradisi,
900 1660 929 1691 7.
956 1658 1027 1690 Hoc
1053 1667 1131 1697 opus
1157 1661 1206 1711 est
1230 1661 1294 1689 tam
1320 1658 1439 1699 nobile,

276 1714 410 1756 Lignum
438 1716 539 1756 vitae,
565 1717 648 1755 quod
675 1715 827 1757 quaesivi,
958 1706 1047 1745 Quod
1074 1715 1137 1737 non
1162 1708 1206 1737 Sit
1230 1706 1259 1736 θῑ
1284 1706 1397 1745 Simile,

274 1763 338 1793 Per
363 1766 395 1794 te
419 1764 555 1795 mundus
581 1762 734 1804 refloruit,
957 1752 1078 1785 cuneta
1102 1761 1161 1791 Fer
1184 1756 1218 1784 ¹33
1242 1752 1393 1792 pacificat

275 1809 360 1841 Dum
383 1810 484 1842 Deum
509 1819 569 1850 per
592 1813 624 1842 te
649 1811 756 1843 coluit.
955 1799 1001 1832 Εἴ
1023 1800 1181 1832 universis
1206 1801 1355 1842 imperat,

243 1889 249 1896 .
276 1866 326 1897 Tu
349 1874 463 1898 nomen
484 1867 574 1899 Evae
596 1865 713 1899 flebilis
956 1847 1040 1879 Dum
1066 1849 1099 1878 te
1123 1851 1216 1888 pater
1239 1857 1259 1879 a
1283 1849 1411 1881 saecum

276 1913 422 1954 Mutasti,
448 1915 536 1955 virgo
560 1914 688 1957 nobilis,
956 1895 1118 1927 Thronum
1143 1896 1240 1936 elegit
1261 1894 1339 1928 filio·

278 1961 372 1993 Adae
396 1961 495 1994 demis
520 1962 695 2003 interitum,

279 2008 376 2046 Quem
400 2009 536 2041 mundus
556 2010 656 2041 sensit
670 2009 827 2052 meritum,

278 2055 303 2087 O
329 2059 431 2088 mater
456 2057 544 2097 virgo
569 2057 736 2097 virginum.

900 1991 930 2023 8.
956 1991 1005 2023 Tu
1029 1991 1205 2031 propitatio

1005 2039 1050 2071 Es
1075 2038 1110 2070 in
1133 2040 1253 2079 templo
1279 2039 1350 2083 Dei,

959 2086 1077 2119 Salutis
1102 2086 1267 2126 responsio

1005 2134 1036 2166 A
1060 2137 1094 2165 te
1119 2134 1213 2166 datur
1238 2134 1275 2178 ei,

279 2160 500 2201 Praesignant,
525 2160 592 2192 filia
619 2161 705 2203 Sion,
1008 2182 1033 2214 Ο
1059 2186 1216 2214 memento
1241 2182 1315 2215 mei·

278 2207 389 2239 Bubus
414 2207 509 2239 ardet
533 2211 565 2239 et
588 2217 651 2239 non
677 2212 756 2251 aret,

277 2254 377 2295 Virgo
401 2252 518 2286 florens
543 2257 592 2287 est
616 2257 648 2286 et
671 2260 749 2288 aret.
901 2267 933 2299 9,
959 2266 1009 2298 Tu
1034 2266 1272 2307 Qandelame

221 2314 254 2346 5.
281 2312 379 2353 Virgo
403 2310 542 2344 fecunda
565 2310 631 2344 filio
1007 2322 1116 2346 mensa
1140 2315 1233 2353 panis
1258 2315 1362 2355 vitae3

280 2359 357 2392 Viro
384 2363 471 2392 caret
493 2360 526 2391 in
548 2360 685 2402 saeculo,
958 2360 1086 2393 Defecti
1109 2361 1238 2403 ieiunio,

278 2407 437 2440 Gedeonis
461 2406 647 2447 mysterium
1009 2409 1124 2441 Omnes
1149 2409 1299 2442 advenite

278 2454 353 2487 Tibi
374 2457 470 2496 parat
491 2454 670 2495 imperium.
1008 2456 1056 2489 Ob
1081 2464 1221 2489 amorem
1241 2456 1337 2493 vitae.
