1651 2700
187 244 241 279 17.

184 444 241 479 18.

185 646 241 679 19.

182 848 238 880 20.

701 153 863 189 -231
916 172 954 177 -

269 244 351 277 Sunt
370 245 459 278 beati
486 249 629 280 coronati

315 292 463 328 Diversis
488 294 671 340 honoribus,

269 341 314 374 Ut
322 343 411 373 trans
419 342 515 374 colles
521 351 611 375 mons
619 345 799 385 praepolles

315 388 421 429 Digne
447 390 576 430 quidem
599 392 753 426 omnibus,

267 444 317 477 Tu
344 445 456 478 ditaris
483 448 515 478 et
540 447 661 480 dotam’s

315 492 445 526 Infinita
468 494 580 536 gloria,

266 540 341 573 Tibi
367 541 455 573 cedit
479 544 512 573 et
533 542 664 576 oboedit

315 588 399 621 Tota
422 589 491 631 poli
517 591 617 623 curia.

267 646 317 678 Tu
342 646 496 679 maiorum
522 655 561 678 ac
584 649 739 681 minorum

314 694 534 735 Principatum
559 696 705 735 possides

264 742 310 775 Et
335 750 405 774 cum
430 742 532 782 prole,
562 751 636 776 vero
663 744 740 784 sole,

313 790 389 822 Sola
414 790 537 821 cunctis
562 791 739 830 praesides.

265 847 327 879 Tui
351 856 475 878 morum
501 850 552 878 sat
575 850 758 880 sanctorum

312 895 416 934 Aptos
442 894 526 926 inter
553 895 693 927 cumulos

263 940 465 979 Manifestas‚
493 950 598 985 ornas,
626 944 732 983 gestas

311 989 391 1023 Piae
415 989 528 1022 matris
554 989 674 1023 titulos.

873 250 928 284 21.
953 250 1046 283 Hanc
1072 254 1235 284 cernentes
1263 255 1294 284 et
1318 254 1483 293 stupentes

1000 297 1050 330 De
1075 301 1140 331 tam
1166 299 1250 331 dulci
1277 300 1368 339 copia

954 345 1144 389 sentiamus,
1171 355 1252 387 quae
1276 356 1433 391 rogamus,

1002 393 1107 434 Ipsius
1134 395 1263 428 auxilia.

873 452 928 484 22.
954 450 1056 482 Maris
1080 454 1218 495 astrum,
1245 452 1307 484 Dei
1334 454 1482 492 castrum,

1002 498 1093 531 Pelle
1117 499 1227 532 turbas
1252 499 1414 532 turbinum

954 545 1055 585 Inque
1080 547 1163 579 bono
1190 556 1299 579 cursus
1325 556 1403 579 cono

1003 594 1156 626 Faustum
1182 604 1265 635 pone
1289 594 1470 629 terminum.

873 650 927 682 23.
956 649 1072 682 Clausa
1096 660 1168 684 sera
1192 653 1272 683 mire
1296 661 1384 684 mera

1001 697 1158 731 Miserere
1182 699 1318 741 miseris,

952 743 1163 779 Defendendo
1188 755 1248 778 nec
1272 746 1445 787 linquendo

1000 792 1099 826 Serva
1122 803 1179 826 nos
1205 794 1244 826 ab
1270 793 1391 827 inferis.

869 850 924 883 24.
948 849 1013 881 Ora
1034 853 1154 890 natum,
1181 854 1217 883 ut
1238 854 1362 883 reatum

1001 897 1207 930 Peccatorum
1233 899 1339 931 deleat

948 944 993 976 Et
1005 947 1078 984 post
1089 949 1223 978 mortem
1236 955 1293 978 nos
1308 946 1349 978 ad
1363 948 1481 978 sortem

997 993 1146 1025 Paradisi
1169 994 1339 1034 provehat.

246 1065 316 1093 Cod.
336 1065 458 1092 Trecen.
478 1063 527 1098 (ol.
544 1063 767 1101 Glaraevallen.)
787 1063 852 1092 999.
873 1074 949 1093 saec.
973 1064 1016 1093 12.
1032 1066 1097 1095 add.
1111 1076 1187 1095 saec.
1204 1066 1280 1097 fllia.
1294 1084 1331 1088 --
1348 1066 1482 1105 „Devota

165 1102 299 1168 (liaudatiio
324 1104 445 1154 s‘anctae
463 1102 521 1129 Dei
548 1104 704 1138 genetricis
730 1105 760 1131 et
785 1106 944 1140 perpetuae
968 1105 1094 1140 virginis
1114 1107 1228 1133 Mariae
1256 1114 1321 1133 cum
1347 1108 1480 1134 oratione

185 1150 201 1169 e
222 1149 256 1169 ea
277 1149 333 1169 em.

175 1773 231 1807 10.

172 2013 228 2046 15.

167 2255 224 2289 20.

517 1262 578 1294 188.
608 1262 715 1295 Oratio
738 1262 779 1294 ad
799 1263 924 1294 beatam
943 1262 1075 1295 Mariam
1094 1264 1130 1296 V.

261 1343 360 1383 Virgo
385 1345 489 1375 mater
513 1343 653 1385 pietatis,

259 1390 342 1423 Mihi
369 1391 411 1423 da
434 1390 642 1431 benignitatis

260 1438 504 1479 Patientiaeque
528 1438 644 1470 donum

259 1486 327 1518 Fac
352 1489 393 1527 et,
418 1488 455 1518 ut
479 1485 655 1518 fraternum
673 1486 790 1518 bonum

259 1533 394 1575 Semper
407 1543 558 1574 quaeram
571 1534 652 1566 sicut
667 1542 770 1566 meum
783 1544 791 1574 3

256 1582 340 1614 Mihi
364 1582 471 1614 tribue
491 1590 551 1622 per
574 1581 677 1614 Deum

257 1629 465 1662 Condolendo
490 1630 583 1661 malis
609 1628 696 1671 fiere,

256 1678 354 1710 Bonis
380 1676 532 1710 fraternis
559 1678 709 1722 gaudere,

255 1726 410 1767 Mentem,
424 1726 575 1766 linguam,
592 1726 691 1759 vitam
704 1734 790 1768 rege,

257 1774 304 1807 Ut
328 1774 362 1806 in
387 1773 473 1806 omni
499 1773 619 1806 Christi
644 1782 740 1815 grege

258 1821 375 1854 Nullus
398 1830 538 1862 unquam
565 1823 771 1854 contristetur

253 1869 318 1902 Per
346 1878 397 1900 me
421 1877 481 1901 nec
506 1869 752 1913 scandalizetur,

256 1917 322 1951 Sed
347 1919 380 1949 et
404 1917 588 1957 speculator
614 1918 720 1950 cordis

254 1966 356 2009 Intus,
384 1967 476 1997 extra
500 1965 589 1997 nulla
614 1966 719 1998 sordis

256 2012 445 2047 offendatur
469 2013 640 2057 pravitate,

251 2059 318 2094 Sed
341 2060 488 2102 perfecta
514 2061 648 2093 caritate

251 2109 308 2142 Me
334 2109 470 2150 diligere
494 2108 547 2142 fac
572 2117 654 2151 eum,

252 2158 300 2192 Ut
322 2158 480 2199 meipsum
504 2166 630 2198 quoque
654 2166 758 2190 meum

252 2206 340 2239 Doce
364 2206 546 2247 proximum
571 2214 680 2239 amare

250 2254 369 2295 Meque
397 2255 445 2287 sic
469 2262 689 2295 perseverare.

251 2302 307 2336 Me
334 2303 450 2336 devote
474 2312 557 2344 pura
581 2305 687 2335 mente

251 2351 341 2385 Doce
365 2359 495 2392 semper
520 2354 553 2383 et
577 2353 700 2384 attente

252 2400 399 2433 Psallere
416 2400 471 2432 ‘sic
496 2402 529 2432 et
554 2408 658 2443 orare,

250 2448 296 2482 Ut
320 2458 410 2482 mens
436 2448 508 2483 voci
535 2448 731 2482 concordare

865 1344 921 1377 25.
946 1343 1045 1383 Apud
1068 1344 1160 1376 illum
1186 1344 1394 1387 discernatur,

947 1391 1006 1431 Qui
1031 1395 1157 1424 secreta
1180 1392 1374 1432 speculatur.

946 1438 1132 1472 Mensurate
1157 1438 1210 1471 fac
1233 1442 1269 1471 ut
1294 1440 1386 1472 edam

947 1486 1016 1518 Nec
1036 1495 1095 1526 per
1111 1490 1221 1528 potum
1244 1486 1296 1519 fac
1314 1487 1478 1530 excedam,

948 1533 1012 1566 Sed
1037 1543 1099 1576 me,
1125 1543 1249 1577 precor,
1277 1535 1439 1567 abstinere

863 1582 918 1616 30.
944 1582 1138 1623 Sceleraque
1163 1583 1242 1615 doce
1266 1581 1352 1624 flere,

945 1629 992 1662 Ut
1016 1630 1163 1663 lamentis
1188 1633 1275 1662 tuum
1301 1633 1408 1662 natum

945 1677 1028 1710 Mihi
1053 1678 1187 1710 sentiam
1214 1679 1376 1719 placatum

943 1725 1072 1767 Meque,
1098 1729 1200 1758 mater
1225 1726 1305 1757 lucis
1332 1726 1447 1767 clarae,

944 1773 1118 1806 Duodenos
1143 1774 1315 1806 observare

863 1822 918 1856 35.
944 1820 1072 1853 Gradus
1098 1820 1150 1854 fac
1174 1822 1374 1863 humilitatis,

944 1868 991 1902 Ut
1014 1868 1179 1909 perfectae
1203 1869 1347 1902 caritatis

945 1916 1031 1957 Lege
1056 1926 1160 1958 regar,
1187 1926 1269 1958 quae
1293 1918 1440 1950 timorem

943 1965 1046 1997 Foras
1071 1966 1168 1998 mittit
1194 1974 1253 2005 per
1274 1974 1424 2007 amorem,

945 2014 995 2045 Ac
1018 2012 1160 2046 indutias
1184 2013 1342 2056 ministra,

857 2061 915 2095 40.
939 2061 1008 2093 Fac
1034 2063 1066 2092 et
1089 2062 1163 2094 illas
1187 2071 1251 2094 non
1277 2062 1408 2094 sinistra

940 2109 1080 2143 Perdam
1105 2110 1299 2153 operatione,

941 2157 1006 2190 Sed
1031 2159 1067 2189 ut
1091 2157 1311 2190 satisfactione

940 2206 1140 2247 Rectumque
1162 2215 1222 2247 per
1246 2205 1309 2238 Dei
1332 2204 1451 2236 cultum

942 2254 1082 2295 Tempus
1108 2255 1255 2295 expleam
1279 2252 1439 2285 indultum

858 2302 915 2336 45.
940 2302 1060 2343 Meque
1083 2302 1196 2335 bestiis
1221 2301 1338 2334 amaris

942 2350 1113 2391 Nunquam
1137 2349 1224 2382 tradi
1247 2348 1393 2390 patiaris,

943 2399 1008 2433 Sed
1029 2399 1064 2431 in
1088 2400 1169 2432 hora
1192 2406 1282 2430 meae
1307 2397 1419 2429 mortis

943 2448 994 2482 Sis
1020 2447 1162 2480 adiutrix
1184 2445 1262 2478 mihi
1288 2443 1392 2487 fortis,
