1651 2700
229 267 284 301 16.

232 731 285 762 17.

230 1191 285 1225 18.

228 1608 283 1641 19.

229 2063 285 2095 20.

734 166 994 200 —128—

310 266 426 307 Maria,
453 266 520 299 sine
546 266 670 298 Venere

361 314 468 347 Mater
494 313 602 345 effecta
629 312 769 353 caelitus,

312 363 426 394 Partus
451 361 498 392 tui
519 367 697 400 puerperae

358 409 496 442 Latebat
518 408 639 438 bostem
664 404 801 447 penitus,

311 457 358 488 Te
383 456 474 487 decet
497 463 554 486 nos
577 453 733 492 attollere,

359 502 422 534 Sed
448 502 583 542 petimus
607 498 801 538 medullitus,

310 551 362 583 Ad
388 551 449 581 hoc
474 549 609 580 clemens
633 546 768 578 illabere

357 597 473 628 Nune
521 597 665 627 sancte
712 592 837 624 nobis

609 640 804 680 spiritus.

311 728 426 769 Maria,
454 727 540 759 cuius
566 726 699 758 abstulit

355 774 493 807 Fructus
517 773 639 807 ventris
661 773 822 813 virgineus

310 823 388 864 Vae,
414 823 535 863 primus
561 821 666 853 Adam
689 821 799 852 intulit

356 869 447 908 Quod
470 869 561 902 Evae
586 871 824 908 consentaneus,

311 919 349 950 In
369 917 474 949 anima
498 920 531 947 te
555 916 692 956 perculit

355 964 484 996 Doloris
508 966 584 995 tunc
607 963 744 1001 aculeus,

310 1013 390 1045 Cum
417 1013 551 1043 mortem
577 1011 680 1043 crucis
704 1010 838 1050 pertulit

356 1059 513 1090 Rector
530 1062 700 1098 potens,
717 1065 837 1089 verax

610 1104 639 1136 D
651 1113 697 1136 eu
706 1115 730 1137 s.

312 1191 431 1228 Maria,
458 1194 490 1222 te
514 1190 718 1222 laudantibus

360 1239 553 1271 insidiantes
579 1238 727 1276 reprime,

312 1287 355 1318 Et
385 1294 454 1317 esse
478 1286 530 1324 qui
558 1286 614 1317 dat
637 1284 791 1325 omnibus,

357 1333 498 1365 Affectus
519 1336 644 1364 nostros
671 1331 823 1373 exprime,

310 1381 358 1414 Ut
378 1381 482 1412 luceat
507 1379 689 1411 obtentibus

362 1428 445 1460 Suae
468 1427 580 1459 matris
605 1426 823 1459 sanctissimae

310 1475 427 1507 Lucem
453 1483 560 1507 veram
586 1473 820 1515 quaerentibus,

356 1522 482 1555 Lucis
510 1524 661 1553 creator
685 1521 837 1561 optime.

310 1607 426 1648 Maria,
455 1607 504 1638 cui
529 1606 640 1638 similis

357 1653 430 1686 Non
448 1656 496 1686 est
510 1654 544 1684 in
557 1653 667 1686 mundi
681 1652 836 1694 tribubus,

310 1703 383 1734 Irae
406 1701 468 1732 Dei
496 1700 650 1732 terribilis

361 1748 466 1779 Tuere
488 1756 547 1779 nos
571 1748 611 1779 ab
637 1748 783 1788 arcubus,

314 1796 363 1828 Tu
387 1799 498 1835 portus
522 1794 712 1834 infallibilis,

359 1842 425 1875 Nos
450 1842 552 1874 redde
567 1843 655 1876 vitae
670 1842 836 1884 portubus,

312 1889 430 1930 Quibus
456 1899 489 1922 es
511 1889 724 1921 memorabilis

358 1937 503 1970 Somno
521 1937 701 1969 refectis
719 1940 837 1969 artu-

610 1983 630 2015 b
640 1994 663 2016 u
670 1994 697 2018 S.

312 2061 428 2101 Maria,
454 2064 487 2092 tu
512 2070 593 2101 quae
619 2060 759 2093 coetibus

361 2107 513 2140 Caelestis
537 2116 650 2147 praees
677 2107 793 2148 curiae,

311 2156 378 2188 Nos
408 2156 469 2187 tuis
494 2155 569 2187 iuva
592 2155 740 2195 precibus

356 2203 453 2242 Apud
479 2210 585 2242 regem
610 2202 803 2243 elementiae,

310 2250 475 2283 illuminet
497 2253 534 2280 ut
557 2249 703 2290 gentibus

357 2297 395 2330 In
420 2297 532 2329 umbra
555 2297 666 2329 mortis
691 2297 787 2329 hodie

309 2346 354 2379 Et
377 2344 517 2377 tenebris
542 2345 727 2376 sedentibus

359 2393 487 2433 Splen
502 2392 575 2423 dor
629 2395 840 2431 paternae

611 2439 790 2479 gloriae.

910 262 965 295 21.

910 687 965 718 22.

909 1162 964 1194 23.

911 1588 965 1620 24.

912 2063 966 2096 25.

991 260 1108 300 Maria,
1134 257 1187 291 fac
1210 258 1360 302 propitia,

1039 308 1089 340 Sit
1111 306 1205 338 nobis
1229 309 1266 338 ut
1289 306 1448 347 propitius

990 355 1029 386 ln
1054 353 1199 394 qualibet
1223 353 1370 393 angustia

1036 402 1107 433 Rex
1130 404 1249 441 noster,
1274 404 1347 433 tuus
1370 400 1468 441 filius,

991 450 1074 488 Quos
1099 449 1141 479 ad
1167 452 1220 480 tua
1244 448 1417 487 praeconia

1038 496 1209 535 Surgentes
1236 504 1344 527 omnes
1370 495 1457 526 ocius

990 543 1111 575 Invitat
1139 543 1233 574 huius
1256 542 1360 583 gratia

1036 590 1141 623 Ales
1174 589 1262 622 diei
1285 590 1473 621 nuntiuS.

991 685 1108 724 Maria,
1139 693 1233 724 quam
1258 684 1299 716 ad
1325 683 1459 723 gloriam

1038 732 1137 765 Vexit
1161 740 1267 763 rerum
1294 731 1478 770 dispositor,

990 780 1043 812 Ad
1070 780 1158 812 cuius
1184 778 1447 818 complacentiam

1037 828 1096 860 Est
1122 828 1224 859 omnis
1249 826 1342 859 homo
1369 825 1506 867 debitor,

990 875 1040 907 Ne
1064 875 1256 907 talentorum
1282 872 1440 914 quispiam

1039 923 1173 955 Suorum
1198 922 1241 954 sit
1265 921 1483 961 absconditor,

989 969 1051 1001 Tui
1078 970 1132 1003 det
1159 970 1201 1002 ad
1225 968 1411 1001 instantiam

1037 1017 1231 1050 Telluris
1255 1018 1410 1057 ingens
1428 1024 1524 1047 eon-

1295 1063 1422 1096 ditor.

991 1160 1105 1201 Maria,
1136 1159 1232 1200 digna
1256 1157 1406 1191 laudibus

1039 1207 1213 1240 Suavitatis
1237 1207 1381 1246 intimae,

989 1255 1028 1287 In
1053 1254 1313 1295 generationibus

1038 1303 1139 1335 Beata
1164 1302 1285 1334 cunctis
1310 1301 1466 1342 apprime,

991 1350 1123 1382 Devotis
1147 1349 1380 1381 interventibus

1040 1397 1182 1430 Offensas
1207 1399 1332 1429 nostras
1357 1396 1474 1435 adime,

989 1445 1080 1476 Assis
1106 1447 1139 1475 et
1163 1445 1217 1476 hic
1239 1443 1434 1486 petentibus,

1037 1492 1148 1524 Deus
1175 1495 1349 1524 creator
1366 1492 1521 1531 optime.

992 1587 1107 1626 Maria,
1133 1587 1203 1618 sine
1227 1587 1347 1618 semine

1038 1634 1133 1667 Prole
1157 1634 1299 1674 gaudens
1323 1634 1479 1675 virginea,

992 1681 1052 1714 Pro
1077 1686 1131 1714 tuo
1156 1684 1266 1713 sancto
1292 1682 1420 1714 nomine

1035 1729 1103 1762 Nos
1128 1729 1161 1760 in
1187 1730 1306 1761 virtute
1329 1738 1451 1770 recrea,

993 1776 1112 1809 Carens
1138 1776 1352 1809 amaritudine

1038 1824 1170 1857 Crescat
1193 1826 1229 1856 ut
1253 1833 1292 1856 ex
1316 1825 1366 1857 his
1392 1830 1496 1866 vinea,

990 1872 1111 1911 Quibus
1134 1873 1229 1912 pulsa
1253 1872 1389 1914 caligine

1037 1920 1127 1959 Lux,
1170 1928 1285 1962 eece,
1337 1922 1482 1962 surgit

1295 1977 1435 2002 aurea

992 2062 1110 2101 Maria,
1136 2071 1195 2102 per
1220 2071 1314 2102 quam
1338 2064 1445 2103 patuit

1040 2110 1138 2142 Porta
1164 2111 1316 2150 perennis
1339 2112 1476 2151 patriae,

993 2157 1088 2190 Cuius
1114 2161 1258 2190 ventrem
1282 2168 1347 2191 non
1372 2159 1499 2193 horruit

1038 2205 1110 2237 Rex
1133 2206 1304 2237 aeternalis
1329 2207 1460 2250 gloriae,

992 2252 1057 2292 Sic,
1083 2260 1142 2292 per
1163 2259 1195 2283 te
1220 2253 1306 2292 quod
1328 2255 1484 2294 imposuit

1039 2299 1152 2331 Finem
1176 2303 1305 2333 nostrae
1328 2302 1488 2344 miseriae,

990 2347 1029 2378 In
1053 2350 1086 2378 te
1109 2346 1172 2378 sibi
1194 2349 1388 2388 complacuit.

1039 2394 1215 2433 Magnae
1235 2395 1348 2428 Deus
1373 2402 1526 2436 poten—

1297 2444 1395 2479 tiae.
