1651 2700
720 182 980 217 —174—

213 284 244 315 7.
270 281 385 323 Maria,
412 285 512 314 mater
536 281 674 321 Domini,
892 280 924 312 8.
951 278 1014 310 Per
1038 280 1136 317 tuum,
1163 276 1264 317 virgo,
1290 276 1406 317 filium,

273 330 406 361 Aeterni
429 330 531 370 patris
554 328 625 369 filii,
950 326 1012 357 Per
1037 327 1163 364 patrem
1187 326 1221 355 et
1243 323 1433 363 paraclitum

271 376 336 408 Fer
360 386 451 416 opem
476 376 568 408 nobis
593 375 738 407 omnibus
948 372 1050 411 Assis,
1077 379 1204 412 parens,
1231 371 1273 403 ad
1298 371 1418 403 obitum

272 424 325 456 Ad
350 427 382 455 te
407 422 668 463 confugientibus,
952 419 1167 458 Nostrumque
1191 418 1278 450 muni
1304 419 1434 451 exitum.

551 481 582 512 9.
609 477 720 510 Gloria
744 478 813 519 tibi,
844 477 990 515 Domine,

610 525 670 564 Qui
694 529 787 557 natus
813 533 846 556 es
873 524 913 556 de
936 524 1068 566 virgine,

611 571 688 605 Cum
713 575 806 611 patre
831 573 864 602 et
887 574 997 603 sancto
1023 570 1139 612 spiritu

610 620 647 651 In
674 620 866 659 sempiterna
891 618 1027 653 saccula.

276 676 364 704 Scala
383 677 457 704 caeli
478 684 552 704 saec.
576 672 619 701 14.
641 683 684 702 εκ.
727 674 795 702 Cocl.
815 673 939 710 Pragen.
959 674 1036 701 Xm
1048 674 1075 701 E
1089 670 1116 700 3.
1130 672 1164 699 A.
1180 688 1216 691 —
1231 674 1311 702 Orat.
1331 681 1385 701 ms.
1398 673 1507 701 Lehni-

201 723 291 742 nonsc
315 716 384 741 anni
412 712 492 741 1518.
535 712 605 740 Cod.
626 713 792 740 Berolinen.
817 712 877 739 VIc
905 710 950 739 29.
970 712 1004 739 Β.
1030 726 1069 731 -—
1094 708 1126 744 3,
1149 709 1164 738 1
1185 711 1250 739 Ave
1274 714 1368 739 mater
1394 712 1509 748 gratiae

197 754 256 817 ssld
276 792 293 816 ὃ
312 749 510 817 ἶέωἳὶθίᾳ.ἰΠΤέ
520 759 577 816 ε1103
599 751 635 778 ab
656 751 740 778 hoste
759 751 880 786 protege
896 750 937 777 Et
954 750 1029 778 hora
1047 750 1151 778 mortis
1172 751 1288 786 suscipe
1301 750 1335 778 B.
1357 764 1394 770 -—
1416 749 1473 777 Str.
1488 749 1506 778 4

226 836 253 865 4.
273 837 368 865 Mater
386 836 613 870 misericordiae,
910 834 936 863 5.
957 837 1006 870 Ut,
1028 835 1171 872 quidqu-id
1190 835 1261 864 mali
1282 836 1414 870 fecimus,

271 875 342 902 Tibi
360 875 482 903 devotos
501 877 630 912 protege,
953 875 1036 902 Tuus
1054 874 1188 902 remittat
1203 873 1285 902 filius

274 913 334 940 Nos
355 916 522 949 peccatores
543 913 661 946 adiuva,
955 913 996 940 Et
1015 914 1122 949 purget
1140 921 1194 940 nos
1216 913 1253 940 ab
1275 914 1410 940 omnibus

272 951 377 979 Preces
398 952 523 979 clemens
544 952 692 978 continua.
954 951 1103 978 Vitiorum
1126 951 1270 978 sordibus.

273 996 297 1033 6,
322 996 337 1025 1
357 999 421 1026 Ave
440 1001 533 1027 mater
556 999 676 1026 Domini
698 999 732 1026 B.
753 1013 790 1017 -
807 998 864 1026 Str.
885 997 902 1025 7
922 998 996 1025 fehlt
1008 999 1040 1026 B.
1055 1011 1093 1017 -—
1106 996 1134 1032 8,
1152 996 1165 1025 1
1186 1001 1280 1026 mater
1299 998 1405 1026 fiilium
1420 999 1453 1026 B.
1468 1013 1506 1017 --

196 1034 222 1072 8,
245 1034 262 1064 3
282 1036 366 1064 Assis
385 1037 470 1064 nobit
493 1037 530 1065 ad
548 1037 582 1064 Β.
602 1051 641 1055 —
660 1034 687 1071 8,
707 1035 727 1064 4
745 1037 828 1064 muni
847 1037 983 1072 spiritum
1001 1036 1035 1064 B.
1056 1049 1094 1055 -—-

272 1074 376 1102 Dieses
394 1075 470 1102 Lied
494 1077 535 1103 ist
558 1075 606 1102 die
624 1075 829 1111 Erweiterung
855 1075 934 1101 eines
954 1074 1113 1107 kiirzeren,
1141 1074 1194 1101 das
1217 1075 1249 1101 in
1269 1074 1326 1102 den
1345 1074 1507 1110 Tagzeiten

195 1112 246 1140 der
266 1112 318 1140 sel.
337 1113 478 1149 Iungstau
497 1113 672 1141 vorkommt.
702 1113 739 1140 111
759 1113 853 1140 dieser
872 1112 1076 1148 Erweiterung
1097 1111 1178 1139 kann
1198 1112 1249 1139 der
1267 1113 1404 1148 Hymnus
1424 1112 1508 1140 nicht

195 1151 252 1178 den
277 1149 471 1187 liturgischen
496 1150 651 1188 zugezfflsst
672 1151 797 1178 werden.
835 1150 877 1177 Er
901 1149 994 1177 findet
1012 1150 1076 1177 sich
1094 1151 1183 1177 meist
1202 1150 1246 1177 als
1267 1151 1439 1179 Prossmium
1456 1151 1507 1178 bei

195 1187 422 1216 verschiedenen
435 1189 600 1217 Psalterien
619 1189 793 1223 vemvendet,
815 1196 847 1215 so
862 1189 894 1214 in
907 1188 934 1215 A
947 1197 1014 1216 zum
1026 1188 1142 1216 Psalter
1155 1188 1231 1215 Ave
1243 1190 1350 1225 virgo
1364 1188 1506 1224 lignum

195 1228 312 1260 vitae,
341 1227 372 1253 in
392 1226 417 1253 B
443 1236 508 1254 zum
527 1226 644 1255 Psalter
661 1228 736 1254 Ave
762 1228 865 1262 virgo
886 1226 1027 1262 lignum
1047 1228 1141 1254 mite.
1182 1226 1225 1253 Er
1244 1227 1350 1263 gehort
1368 1227 1439 1254 aber
1457 1236 1506 1255 ur-

197 1264 368 1300 spriinglich
388 1264 506 1292 keinem
526 1266 621 1293 dieser
635 1265 800 1292 Psalterien
813 1272 861 1292 an.

632 1356 687 1388 131.
722 1356 765 1388 De
785 1357 881 1388 beata
899 1356 1000 1387 Maria
1021 1357 1055 1388 V.

206 1417 238 1450 1.
264 1415 370 1452 Salve,
399 1418 480 1450 cella
504 1418 672 1458 castitatis,
887 1419 920 1451 6.
945 1418 995 1450 Tu
1011 1417 1071 1450 flos
1087 1416 1212 1461 florum,
1237 1417 1310 1450 fons
1326 1419 1503 1461 hortorum,

311 1464 414 1505 Salve,
440 1466 536 1505 plena
560 1466 672 1505 gratia,
995 1466 1122 1498 Lavans
1145 1467 1258 1499 sordes
1286 1466 1463 1509 criminum,

264 1512 367 1554 Salve,
394 1513 547 1553 templum
574 1513 711 1556 deitatis,
947 1514 1015 1546 Pax
1044 1517 1077 1545 et
1100 1513 1201 1545 honor
1227 1513 1454 1554 confessorum,

310 1559 413 1600 Salve,
441 1561 517 1592 solis
543 1561 661 1600 regula.
993 1561 1203 1594 Pulchritudo
1229 1561 1398 1602 virginum.

205 1618 236 1649 2.
264 1615 368 1656 Salve,
393 1620 504 1657 portus
529 1615 758 1658 naufragantis,
888 1618 917 1649 ¹7.
945 1618 994 1649 Tu
1019 1619 1062 1650 sis
1086 1618 1188 1650 servis
1213 1619 1414 1659 adiuvamen,

310 1662 413 1704 Salve,
440 1665 528 1696 Iesse
549 1664 683 1704 virgula,
992 1665 1112 1698 Nutrix
1136 1665 1171 1697 in
1196 1666 1359 1709 periculis,

264 1709 367 1753 Salve,
394 1711 546 1750 splendor
569 1710 734 1754 bonitatis,
944 1712 994 1744 Tu
1019 1722 1052 1745 es
1076 1713 1176 1752 lapsis
1201 1714 1394 1753 relevamen,

312 1757 458 1789 Paradisi
483 1758 587 1791 ianua.
992 1760 1196 1793 Medicamen
1220 1762 1392 1802 languidis.

206 1815 237 1847 3.
264 1813 368 1855 Salve,
394 1813 466 1846 fons
491 1815 695 1856 sinceritatis,
887 1817 919 1849 8.
945 1817 1079 1849 Maestis
1107 1817 1200 1850 dulce
1223 1818 1453 1861 confortamen,

310 1860 381 1893 Lux
403 1862 511 1894 lucens
535 1863 569 1894 in
593 1862 743 1905 tenebris,
992 1866 1049 1897 Pia
1074 1870 1177 1897 mater
1203 1866 1367 1908 orphanis,

262 1908 366 1948 Salve,
392 1910 485 1941 stella
511 1910 676 1951 claritatis,
942 1912 1050 1944 Mater
1077 1912 1208 1955 Christi,
1234 1915 1327 1955 virgo
1350 1918 1468 1956 tamen,

309 1955 399 1988 Luna
423 1957 492 1989 sine
508 1957 642 1989 nebulis.
991 1960 1090 1993 Nulla
1116 1961 1178 1993 tibi
1199 1962 1326 1996 similis.

205 2014 237 2045 4.
265 2011 366 2056 Salve,
393 2014 488 2046 decus
513 2015 702 2057 sanctitatis,
885 2018 917 2050 9.
945 2017 1091 2050 Salutata
1115 2018 1162 2050 sic
1187 2017 1294 2051 fuisti:

309 2060 407 2099 Virgo
433 2061 634 2102 venerabilis,
990 2066 1069 2105 Ave,
1096 2066 1194 2105 plena
1217 2068 1335 2110 gratia3

263 2106 367 2146 Salve,
392 2108 534 2148 nympha
557 2110 742 2153 venustatis,
941 2113 1048 2145 Verbo
1073 2122 1201 2146 carnem
1226 2115 1412 2156 concepisti,

310 2154 421 2185 Honor
445 2157 546 2187 nostri
570 2157 705 2195 generis.
991 2162 1090 2201 Virgo
1116 2162 1180 2194 viri
1204 2164 1322 2196 nescia.

204 2214 235 2246 5.
263 2212 367 2252 Salve,
397 2211 530 2251 lampas,
559 2212 615 2244 lux
642 2214 812 2257 caelorum,
872 2217 927 2249 10.
944 2218 1107 2252 Christum
1131 2219 1238 2251 Iesum
1263 2222 1411 2262 genuisti,

310 2258 395 2290 Laus
421 2261 453 2289 et
478 2259 573 2290 decus
598 2263 785 2302 martyrum,
988 2266 1048 2305 Qui
1072 2267 1211 2299 salvavit
1236 2269 1352 2310 omnia,

263 2307 442 2340 Thesaurus
468 2306 693 2358 apostolorum,
942 2311 987 2343 Et
1010 2316 1085 2352 post
1108 2319 1237 2354 partum
1262 2317 1469 2356 permansisti

310 2354 389 2394 Spes
416 2362 587 2385 communis
612 2354 758 2388 omnium.
993 2360 1088 2401 Virgo
1117 2370 1244 2402 semper
1266 2364 1403 2406 integra.

659 2410 754 2443 Salve
776 2413 884 2444 dicant
907 2416 1021 2448 omnia.

264 2467 343 2496 Orat.
355 2476 406 2494 ms.
418 2468 529 2495 Domus
540 2466 640 2494 Novae
650 2466 740 2494 Lucis
751 2469 821 2495 anni
833 2465 914 2495 1477.
939 2470 1008 2497 Cod.
1019 2471 1206 2500 Ultraiectin.
1218 2474 1325 2509 Script.
1334 2477 1417 2504 Eccl.
1429 2476 1496 2507 375.
