1651 2700
766 192 809 197 .-
861 171 906 207 80
954 191 1002 196 -.

682 265 729 297 52.
759 266 801 297 De
820 265 916 297 beata
935 263 1036 296 Maria
1058 263 1092 295 V.

247 337 280 370 1.
305 337 410 378 Digna
434 338 564 370 laudum
589 337 739 377 carmina,

303 385 420 417 Vocum
444 385 658 417 modulamina

303 432 421 465 Nostra
444 434 557 464 sonent
580 432 705 472 agmina

301 479 385 522 Tibi,
412 479 491 512 caeli
517 479 651 511 domina.

244 538 275 570 2.
301 537 386 569 Vera
411 535 497 568 cuius
522 535 657 574 nomina,

300 583 406 616 Patris
430 591 545 623 parens
571 581 698 622 femina,

302 631 405 670 Supra
429 629 509 662 eaeli
535 629 672 661 culmina

302 677 391 710 Stola
416 676 555 718 gaudens
580 676 713 716 gemina.

244 735 275 766 3.
299 734 388 766 Luce
412 734 542 766 vincens
565 733 695 774 lumina,

300 781 383 813 Vere
407 779 519 813 videns
546 781 685 822 numina,

299 829 456 860 Revelans
481 827 639 860 velamina

296 874 391 915 Legis
417 878 449 907 et
473 875 642 910 volumina.

240 932 271 964 4.
296 931 363 963 Fac
387 941 445 971 pro
470 931 562 964 nobis
588 931 719 973 famina,

296 979 342 1012 Ut
367 981 420 1011 tua
439 980 625 1020 precamina

296 1026 367 1058 Sint
390 1026 481 1059 nobis
506 1027 676 1070 iuvamina,

294 1074 380 1114 Quae
403 1077 513 1107 nostra
537 1075 723 1116 peccamina

925 335 956 368 5.

982 335 1121 367 Deleant
1146 334 1178 364 et
1202 333 1352 375 crimina3

981 382 1123 414 Insultus
1150 380 1337 421 extermina,

981 429 1102 461 Reatus
1128 428 1256 460 elimina

979 477 1158 515 Mundique
1182 475 1355 508 molimina.

981 533 1101 566 Contra
1126 531 1227 564 fastus
1252 531 1396 574 fulmina,

978 580 1124 613 Motuum
1148 580 1342 619 discrimina,

977 627 1152 669 Babylonis
1177 626 1309 661 flumina

978 675 1030 707 Da
1054 675 1166 708 salutis
1192 675 1307 718 omina,

943 756 951 764 .
977 731 1055 772 Spei
1085 732 1305 777 delectamina,

977 778 1073 812 Fidei
1094 779 1260 822 regimina,

980 827 1130 860 Caritatis
1154 828 1306 871 tegmina,

977 875 1114 907 Virtutis
1139 875 1304 918 libamina,

942 958 950 965 .
976 932 1073 964 Panis
1098 932 1184 964 vitae
1209 932 1380 975 fragmina.

977 981 1113 1014 Caecum
1140 989 1194 1012 cor
1217 981 1373 1023 illumina,

975 1028 1074 1060 Tristi
1099 1028 1220 1061 luctum
1244 1029 1393 1071 termina,

976 1076 1054 1109 Sere
1078 1085 1202 1108 morum
1228 1078 1359 1116 semina,

577 1134 609 1167 9.
636 1134 733 1173 Rege,
759 1131 832 1166 fove
856 1132 1017 1176 germina;

636 1181 713 1213 Post
737 1181 847 1213 mundi
873 1181 1048 1213 certamina

632 1227 729 1261 Lucis
750 1228 836 1261 intra
859 1228 972 1261 limina

632 1275 692 1309 Pia
712 1285 810 1316 prece
834 1285 891 1309 nos
913 1276 1009 1310 mina.

297 1339 378 1368 Or.at
408 1348 462 1368 ms.
491 1341 604 1369 Domus
629 1342 732 1370 Novae
756 1342 847 1370 Lucis
879 1343 949 1370 anni
976 1340 1058 1370 1477.
1106 1342 1176 1370 Cod.
1201 1344 1388 1373 Ultraiectin.
1414 1344 1531 1382 Scriptt.

221 1377 302 1405 Eccl
322 1375 388 1405 375.
411 1392 449 1397 —-
470 1376 497 1413 2,
516 1377 536 1406 4
555 1379 650 1408 Stella
667 1379 808 1415 gaudens.
826 1395 865 1400 —
886 1378 913 1414 6,
929 1377 947 1408 3
967 1381 1103 1409 fulmina.
1127 1396 1164 1400 —
1184 1381 1212 1417 7,
1224 1381 1246 1410 4
1260 1383 1380 1411 Virtuti.
1399 1398 1436 1403 --
1456 1384 1532 1412 Dem

220 1414 312 1443 Liede
331 1416 402 1452 geht
420 1418 452 1444 in
474 1416 525 1445 der
543 1418 598 1446 Hs.
623 1418 759 1454 folgende
778 1419 860 1446 nieht
878 1419 1056 1455 zugehtsrige
1079 1419 1205 1456 strophe
1223 1430 1332 1450 voran:

710 1466 794 1500 Vale,
814 1467 904 1501 plena
921 1468 1043 1502 gratiae,

711 1504 789 1532 Fons
809 1505 1037 1542 misericordiae,

709 1542 756 1569 De
775 1543 864 1571 caelis
887 1551 940 1571 nos
961 1546 1082 1580 respice,

749 1580 774 1608 Ο
793 1582 898 1610 Maria.

672 1681 719 1713 53.
747 1683 791 1715 De
809 1683 907 1715 beata
925 1682 1026 1716 Maria
1045 1685 1082 1717 V.

230 1747 247 1780 1
261 1756 291 1780 a.
318 1748 413 1781 Dulei
437 1752 522 1792 voto,
547 1752 632 1784 laeta
656 1751 720 1785 fide

315 1796 412 1829 Festo
433 1798 547 1830 mentis
574 1808 629 1832 cor
653 1800 769 1845 arride,

232 1853 291 1885 2a.
318 1853 461 1886 Laudum
486 1856 585 1888 melos
611 1858 785 1902 citharizet,

318 1900 396 1933 Risu
421 1903 535 1935 mentis
562 1913 616 1937 cor
636 1885 797 1947 hymnize’t

364 1949 402 1981 In
426 1954 594 1984 concentus
617 1953 727 1995 iubilo,

232 2005 292 2037 32.
320 2005 431 2039 Cordis
458 2008 576 2041 clamor
599 2011 702 2044 solvat
728 2020 793 2052 ora,

315 2052 361 2084 Et
385 2062 551 2095 erumpens
577 2067 638 2090 vox
663 2066 777 2091 sonora

362 2102 482 2134 Aurem
509 2104 603 2136 melle
627 2106 795 2149 compluat,

230 2157 290 2189 4a.
316 2157 435 2190 Mentis
459 2158 559 2191 hiems
585 2165 617 2193 et
639 2163 763 2202 algores

319 2204 431 2238 Cordis
456 2203 583 2251 [luctus]
609 2212 640 2240 et
663 2210 830 2250 languores

364 2253 487 2286 Cedant
513 2257 544 2286 et
567 2256 728 2299 tristitiae,

232 2311 291 2345 5a.
316 2310 432 2343 Sensus
456 2311 560 2344 laudis
584 2313 618 2344 in
642 2312 779 2346 feturam

362 2358 503 2399 Floreat,

314 2406 510 2448 Virgiualem
535 2408 710 2448 genituram

362 2454 519 2488 Proferat.

910 1754 968 1787 1b.

911 1859 971 1893 2b.

910 2013 967 2046 312.

909 2165 968 2199 4b.

910 2317 968 2352 5b.

995 1755 1107 1789 Suavis
1132 1758 1203 1789 soni
1227 1767 1290 1791 vox
1314 1768 1431 1799 sapore

995 1803 1156 1844 Epuletur
1182 1808 1213 1837 et
1239 1806 1382 1841 dulcore.

997 1860 1111 1894 Flores
1135 1863 1250 1895 mentis
1276 1874 1339 1897 vox
1363 1869 1506 1908 peroret,

996 1909 1111 1942 Cordis
1136 1914 1246 1943 auster
1271 1922 1306 1945 os
1329 1913 1449 1946 irroret

1042 1957 1139 1991 Flatu
1162 1959 1270 2000 rigans
1295 1960 1417 1995 nubilo.

994 2014 1039 2046 Et
1063 2015 1245 2049 exclamans
1270 2027 1360 2051 mens
1387 2028 1504 2052 canora

995 2062 1047 2095 Ab
1071 2063 1200 2096 interna
1226 2067 1332 2099 cordis
1357 2066 1438 2100 hora

1043 2110 1165 2143 Laudis
1190 2112 1286 2145 horas
1311 2114 1437 2148 induat.

996 2167 1111 2200 Cordis
1137 2171 1241 2200 aestas
1269 2171 1323 2203 det
1350 2172 1486 2216 vigoreS,

993 2214 1039 2246 Et
1062 2224 1119 2248 ver
1140 2217 1257 2248 mentis
1283 2219 1350 2252 alat
1372 2218 1468 2254 flores

1040 2263 1081 2295 In
1103 2262 1172 2294 risu
1194 2263 1349 2299 laetitiae

996 2318 1169 2360 Vagientes
1193 2319 1272 2353 belli
1292 2323 1365 2357 iura

1042 2366 1214 2407 Dimicant,

996 2413 1091 2446 Clara
1114 2412 1196 2446 fides
1222 2419 1254 2448 et
1278 2422 1394 2453 natura

1042 2460 1196 2503 Litigant.
