1651 2700
737 189 995 226 —150—

311 292 403 334 Mihi,
429 290 490 332 fac,
516 294 552 322 ut
575 289 670 322 fidem
695 290 814 321 rectam

315 339 462 372 Christus
489 339 543 370 det
559 341 592 369 et
607 346 696 377 spem
712 333 837 376 perfec-

612 387 688 424 tam,

313 434 365 471 Et,
376 433 458 473 quod
466 440 581 472 precor
588 440 683 473 nunc,
691 429 836 468 attende;

312 480 392 512 Toto
419 479 524 519 corde,
550 480 618 510 tota
641 480 755 519 mente,

245 530 299 561 55.
314 527 396 559 Tota
419 535 533 567 precor
558 528 590 556 et
613 526 732 557 virtute

311 574 512 614 Sempiterna
534 581 593 612 pro
619 573 731 605 salute.

313 622 368 653 Me
393 621 525 660 diligere
549 618 601 651 fac
626 628 706 659 eum,

312 669 359 701 Ut
383 676 433 699 me
455 667 696 706 proximumque
719 673 823 697 meum

311 715 389 747 Cum
414 713 631 753 compassione
654 716 731 754 tota,

243 763 296 796 60.
312 761 521 800 Quoadusque
544 759 601 792 fiat
624 764 699 793 nota

313 808 404 840 Salus
427 808 505 839 mihi
529 809 724 849 sempiterna

310 855 374 887 Per
398 861 440 896 te,
467 855 624 896 virginum
648 856 788 888 lucerna.

310 902 360 934 Ne
383 911 434 934 me
457 902 569 934 mortis
594 906 705 943 tangat
720 904 833 946 luctus,

307 950 385 989 Fac,
410 953 490 981 utin
503 949 565 981 hoc
579 951 697 982 mundo
715 949 837 983 fructus

240 999 294 1031 65.
310 996 431 1037 Dignos
456 1006 546 1037 agam
569 997 761 1037 paenitendo

309 1045 539 1084 Paenitensque
562 1045 774 1084 persistendo.

309 1091 390 1123 Mihi
417 1092 512 1132 digne
539 1092 580 1124 da
605 1091 733 1133 deflere,

308 1139 427 1171 Mentis
453 1139 621 1179 carnisque
645 1140 753 1172 delere

307 1187 370 1218 Per
394 1186 543 1228 lamenta,
568 1196 642 1218 rosa
666 1186 789 1226 florum,

239 1235 294 1267 70.
311 1233 428 1265 Sordes
454 1237 582 1265 cunctas
606 1234 767 1274 vitiorum,

309 1281 409 1312 Tuam
434 1290 492 1320 per
516 1282 732 1320 precationem

306 1327 417 1358 Fletus
442 1332 515 1367 post
539 1328 769 1360 absolutionem

308 1374 438 1406 Nullum
464 1376 694 1408 recommittam
718 1375 831 1415 scelus,

309 1422 362 1455 Sic
388 1430 439 1453 me
461 1422 579 1454 Christi
602 1426 713 1463 tangat
736 1423 832 1457 zeluS.

239 1472 293 1504 ¹75.
309 1469 425 1500 Veram
450 1470 505 1501 des
532 1470 752 1511 humilitatem,

306 1517 432 1548 Mentis.
463 1518 568 1548 carnis
595 1518 773 1550 castitatem

306 1564 365 1596 Pia
389 1564 622 1596 interventione

305 1612 342 1643 In
369 1612 453 1642 omni
478 1612 694 1651 temptatione,

304 1657 479 1699 Deprecor,
506 1661 539 1689 et
560 1659 595 1689 in
619 1657 762 1690 adversis

234 1704 406 1739 solimus
429 1705 550 1736 saeculi
575 1706 709 1737 diversis

303 1751 371 1783 Fac
394 1761 445 1783 me
469 1761 543 1784 vere
567 1753 750 1792 patientem,

305 1799 405 1830 Recte
428 1807 553 1839 semper
575 1800 784 1832 incedentem.

304 1845 355 1878 Da
364 1855 422 1885 per
433 1846 604 1890 Christum,
614 1850 701 1879 tuum
710 1850 830 1888 natum,

303 1893 385 1924 Mihi
411 1903 466 1925 cor
489 1895 710 1936 illuminatum,

234 1943 287 1974 85.
302 1940 440 1972 Destrue
463 1942 673 1986 gulositatem,

302 1987 422 2020 Tribue
445 1989 648 2022 sobrietatem

302 2035 559 2076 Sapientiamque
582 2046 700 2081 veram,

304 2082 372 2121 Qua
395 2092 446 2114 me
462 2088 549 2115 recte
565 2093 691 2125 semper
708 2093 825 2129 geram,

303 2130 406 2171 Intus,
433 2134 524 2162 extra
548 2132 644 2164 vitam
670 2136 790 2165 rectam

236 2179 290 2212 90.
304 2176 356 2208 Da
384 2180 565 2210 constanter
589 2182 621 2210 et
640 2180 826 2221 perfectam,

303 2224 422 2265 Talem,
441 2234 522 2264 quae
537 2235 597 2257 nec
607 2228 712 2266 ipsum
725 2227 828 2260 Deum

301 2271 483 2304 Proximum
497 2281 557 2304 nec
573 2283 710 2313 unquam
723 2283 828 2307 meum

302 2319 504 2351 Scandalizet
527 2321 579 2352 vel
602 2320 750 2366 offendat,

300 2366 365 2399 Sed
391 2370 422 2399 et
441 2367 520 2399 mihi
544 2377 628 2399 nunc
651 2370 809 2410 ostendat,

230 2418 286 2450 95.
299 2414 344 2447 Et
365 2416 400 2447 in
423 2418 526 2447 morte
549 2417 582 2447 te
606 2414 730 2449 felicem

989 286 1222 326 Sempiternam
1247 284 1446 317 adiutricem.

990 334 1096 366 Mater
1121 335 1216 372 atque
1239 332 1330 372 virgo
1355 341 1447 375 pura,

988 381 1027 413 In
1051 379 1214 420 praesenti
1239 387 1277 410 ac
1301 378 1410 425 futura

988 428 1066 460 Mea
1089 426 1305 467 tribulatione,

895 476 972 509 100.
987 475 1117 517 Mentis,
1145 474 1249 506 carnis
1274 474 1433 513 passione,

992 522 1131 565 Cunctis,
1158 521 1271 562 quibus
1297 521 1351 552 hic
1374 520 1512 554 infestor

987 569 1059 613 Die,
1085 572 1180 602 nocte
1204 569 1255 600 vel
1280 569 1442 609 molestor,

988 617 1040 649 Da
1063 616 1241 657 perfectum
1268 616 1472 648 coniuvamen

990 665 1206 705 spiritaleque
1230 665 1382 696 solamen.

896 713 972 745 105.
987 712 1070 744 Mihi
1097 712 1192 753 digne
1217 711 1259 743 da
1283 714 1424 743 tractare

988 760 1059 799 Tui,
1085 760 1186 802 virgo,
1215 768 1329 799 corpus
1354 759 1432 801 nati,

988 808 1053 839 Per
1077 808 1161 847 quod
1187 807 1343 847 integram
1368 807 1492 846 peccati

988 854 1133 887 Habeam
1158 854 1386 898 remissionem,

988 902 1084 934 Lucis
1110 910 1234 943 quoque
1258 902 1429 942 regionem.

895 949 974 983 110.
990 950 1014 982 O
1038 950 1148 990 regina
1171 949 1324 990 paradisi,

988 997 1085 1037 Mala,
1112 1005 1239 1037 semper
1263 1005 1344 1037 quae
1370 997 1512 1028 commisi

987 1044 1050 1075 Hic
1073 1045 1204 1085 indigne
1227 1044 1450 1076 manducando

988 1092 1111 1131 Corpus
1130 1091 1249 1125 Christi
1269 1092 1321 1124 vel
1337 1092 1517 1132 tractando,

987 1140 1170 1179 Cunctaque
1195 1144 1328 1178 peccata
1350 1149 1453 1179 prava

894 1186 972 1221 115.
986 1187 1072 1218 Ante
1096 1190 1240 1226 mortem,
1267 1195 1395 1227 quaeso,
1421 1188 1504 1229 lava,

988 1234 1042 1266 Sic
1066 1236 1102 1265 ut
1127 1234 1249 1266 cunctis
1275 1233 1351 1266 fiam
1375 1244 1474 1274 purus

986 1282 1016 1312 A
1041 1283 1262 1321 tormentoque
1286 1290 1417 1313 securus

986 1328 1078 1360 Dono
1103 1332 1178 1361 tuae
1202 1329 1353 1370 pietatis3

985 1375 1036 1408 De
1060 1376 1110 1408 his
1137 1377 1321 1417 cunctisque
1346 1377 1487 1417 peccatis

893 1422 972 1457 120.
987 1423 1217 1456 Conscientiam
1245 1425 1286 1457 da
1309 1424 1461 1456 mundam

984 1471 1022 1502 In
1050 1473 1201 1503 extremis
1227 1480 1265 1503 ac
1289 1481 1349 1512 per
1372 1472 1490 1504 undam

984 1518 1053 1550 Fac
1076 1521 1112 1550 ut
1137 1519 1231 1552 cedat
1254 1520 1470 1563 lacrimarum,

986 1566 1146 1607 Quidquid
1169 1570 1317 1606 superest
1340 1577 1494 1601 amarum.

985 1612 1170 1653 Spiritalem
1195 1623 1255 1653 per
1279 1623 1419 1646 amorem

891 1660 969 1693 125.
986 1660 1140 1692 Cunctum
1167 1662 1275 1694 deleas
1301 1671 1453 1702 errorem,

986 1707 1111 1747 Gulam,
1139 1717 1247 1741 curam
1273 1710 1482 1751 corporalem,

985 1755 1116 1787 Omnem
1139 1759 1258 1789 motum
1282 1758 1503 1800 temporalem,

984 1802 1107 1835 Cuncta
1130 1804 1240 1836 mundi
1264 1804 1485 1837 blandimenta

985 1849 1123 1890 Spiritus
1148 1861 1208 1892 per
1234 1852 1433 1885 documenta.

889 1897 967 1930 130.
985 1897 1108 1930 Cuncta
1130 1900 1219 1939 tolle,
1242 1903 1346 1932 mater
1370 1901 1454 1941 viva,

980 1945 1083 1978 Menti
1110 1946 1262 1986 carnique
1285 1949 1409 1988 nociva,

980 1993 1085 2025 Menti
1109 1994 1260 2034 carnique
1284 1996 1419 2027 salutem

984 2040 1102 2073 Confer
1125 2042 1194 2074 nati
1217 2051 1278 2082 per
1302 2044 1463 2078 virtutem.

982 2087 1203 2129 Sempiternae
1226 2090 1307 2122 lucis
1334 2094 1428 2132 testa,

888 2134 967 2169 135.
984 2135 1115 2179 Cuncta,
1135 2146 1217 2178 quae
1232 2139 1342 2179 petivi,
1369 2144 1508 2185 praesta,

980 2183 1033 2215 Da
1057 2185 1318 2226 constantiaeque
1344 2187 1461 2220 donum

980 2230 1026 2262 Et
1053 2232 1087 2264 in
1114 2232 1237 2264 cunctis
1262 2232 1359 2266 finem
1382 2235 1512 2271 bonum.

979 2278 1079 2310 Pater
1103 2282 1248 2319 praestet
1262 2281 1341 2314 haee
1358 2286 1391 2314 et
1407 2287 1501 2316 natus

982 2326 1080 2358 Sacer
1103 2327 1270 2367 utriusque
1293 2328 1400 2372 flatus,

886 2371 966 2404 140.
981 2373 1098 2405 Trinus
1120 2384 1211 2415 unus,
1245 2377 1299 2416 qui
1327 2382 1510 2412 cunctorum

977 2420 1169 2454 Dominatur
1193 2425 1403 2459 saeculorum.

1503 2311 1512 2328 2
