1651 2700
759 160 994 196 -365

221 268 239 299 '7
244 268 264 300 4
275 277 303 302 a.
330 265 389 309 Da,
394 265 477 306 quod
485 265 602 297 luctum
609 263 691 294 risus
699 253 853 305 [pendat],
904 258 921 289 7
926 255 985 290 4b.
1012 252 1102 293 Quod
1110 252 1367 292 primaevamens
1374 247 1529 284 senescat,

334 313 423 353 Quod
437 314 580 345 timorem
594 318 667 350 spes
682 305 842 343 defendat,
1014 300 1104 340 Quod
1132 308 1153 330 a
1174 297 1250 330 labe
1273 305 1327 329 cor
1353 295 1530 334 desuescat,

378 360 558 402 Desperare
582 356 727 399 prohibe,
1061 346 1174 380 Carnis
1198 345 1270 377 iura
1294 342 1440 385 prohibe.

224 448 266 481 75
277 456 306 479 a.
333 446 383 479 Ne
407 445 571 479 vitandum
596 442 681 473 auris
704 438 804 479 hibat,
904 434 989 469 751).
1016 431 1155 466 Stultum
1180 430 1267 464 visus
1292 437 1333 461 ne
1357 429 1500 464 venetur,

331 493 400 526 Nec
424 502 459 525 os
484 492 619 523 animam
646 485 827 528 proscribat
1012 480 1110 513 Nullo
1135 479 1193 512 vili
1219 478 1388 519 superetur

379 541 419 573 In
443 537 575 571 infando
599 535 727 574 famine,
1057 526 1155 560 Naris
1180 525 1377 559 odoramine.

226 628 307 660 763.
334 625 401 658 Nos
425 625 459 656 in
485 622 598 663 cymba
621 619 751 660 pietatis
902 614 985 649 761).
1013 614 1093 646 Post
1115 613 1256 644 iacturas
1282 610 1509 649 tempestatum

333 672 377 705 Et
400 673 432 703 in
458 672 597 702 transtro
623 666 800 699 sanctitatis
1011 662 1144 694 Portum
1171 659 1251 692 caeli
1268 658 1371 690 redde
1387 660 1531 698 gratum3

330 721 393 752 Per
416 717 529 750 fluctus
555 713 760 748 humanitatis
1012 709 1113 741 Posce
1125 708 1217 741 nobis
1228 709 1371 738 sanctum
1382 713 1529 745 pneuma,

332 764 415 810 [Duc
439 764 482 797 ad
505 767 633 805 portum
652 758 795 805 deitatis]
1012 757 1058 790 Ut
1081 764 1141 797 per
1164 756 1284 787 laetum
1308 757 1341 786 te
1367 752 1508 785 celeuma

401 813 479 845 Post
501 812 582 843 haec
601 809 796 850 transitoria,
1060 806 1219 839 canamus
1242 802 1277 834 in
1302 801 1416 843 gloria.

301 907 371 936 Coa.
390 907 554 935 Londinen.
576 904 705 933 Arunda]
726 900 791 930 374.
811 911 887 930 saec.
910 899 988 938 1⁸}14.
1005 915 1042 920 -—-·
1055 898 1107 933 2b,
1122 896 1140 926 3
1160 900 1264 935 rigam.
1279 911 1316 915 —
1329 894 1384 929 4b,
1400 893 1416 922 1
1431 893 1533 922 Gordia

225 947 334 975 hostas.
349 960 385 966 ’-
406 946 456 979 fib,
479 943 493 971 1
515 944 671 980 Vagentes.
687 956 722 961 —
745 940 793 976 7a,
815 939 833 969 3
853 940 982 968 Rationi.
997 953 1033 958 —
1055 935 1125 970 2212,
1146 935 1165 964 4
1186 938 1342 964 austeram.
1363 949 1401 954 —-
1422 931 1495 967 251),
1515 931 1532 959 2

227 997 243 1012 υ
264 985 346 1012 fehlt.
432 981 502 1016 44a,
524 979 542 1009 3
563 982 610 1009 dei
630 982 731 1016 pastis.
757 994 794 998 ——-
819 976 890 1013 4612,
913 976 924 1006 ]
951 977 988 1006 ab
1011 979 1084 1004 orto.
1105 990 1145 994 —
1169 974 1238 1008 503,
1259 972 1278 1000 2
1298 973 1381 1001 Sicce
1401 972 1477 1006 plue.
1497 986 1535 991 ——

226 1021 262 1051 53
271 1031 296 1057 a,
319 1022 333 1050 1
355 1029 505 1058 saporans.
577 1016 645 1054 532,
666 1017 684 1045 2
702 1025 860 1053 vaporans.
872 1033 909 1037 —
930 1015 1001 1049 5510,
1021 1013 1039 1042 2
1059 1015 1148 1041 Lene.
1164 1030 1203 1034 —
1216 1010 1287 1047 593,
1301 1009 1319 1038 2
1339 1011 1482 1038 videntes.
1495 1023 1529 1028 —

228 1059 298 1097 60b,
321 1060 334 1088 1
356 1057 441 1087 fletis.
462 1073 500 1080 -ο-
520 1056 587 1093 633,
611 1055 625 1084 1
647 1057 760 1084 Premis
781 1056 913 1083 subveni.
936 1068 974 1074 —-
993 1051 1062 1088 73a,
1084 1050 1102 1079 2
1122 1050 1289 1080 descendat.

576 1217 624 1249 54.
656 1215 765 1248 Oratio
788 1215 827 1246 ad
847 1215 973 1246 beatam
995 1212 1125 1245 Mariam
1145 1212 1182 1243 V.

420 1316 515 1350 Felix
539 1318 651 1356 mater,
678 1323 747 1355 ave,
774 1324 837 1355 qua
860 1313 996 1345 mundus
1022 1311 1158 1344 solvitur
1183 1320 1203 1343 a
1227 1318 1296 1350 vae,

464 1365 550 1404 Quae
575 1362 745 1404 genetricis
769 1362 858 1394 Evae
883 1370 942 1394 vae
967 1359 1047 1392 facis
1074 1367 1143 1392 esse
1168 1358 1276 1391 breve.

422 1412 528 1453 Salve,
554 1413 665 1444 sancta
689 1419 817 1451 parens,
843 1409 934 1450 virgo
958 1408 1070 1441 mundi
1095 1405 1289 1447 reparatrix,

420 1460 512 1493 Omni
536 1459 610 1491 labe
635 1467 757 1500 carenS,
785 1458 922 1489 clemens
947 1457 1109 1489 hominum
1133 1454 1327 1486 miseratrix.

366 1509 396 1540 5.
422 1507 526 1549 Salve,
551 1506 729 1538 munditiae
752 1505 926 1546 speculum,
950 1502 1011 1536 flos
1034 1503 1240 1545 virginitatis,

424 1554 577 1587 Caelestis
600 1554 724 1594 patriae
749 1553 912 1593 splendor,
938 1552 1090 1591 templum
1119 1550 1259 1584 deitatis.

422 1600 528 1641 Salve,
554 1600 611 1634 flos
636 1599 758 1643 florum,
786 1609 859 1633 rosa
883 1599 1032 1641 primula,
1059 1600 1148 1639 virgo
1174 1598 1292 1637 suaviS,

426 1649 505 1691 Spes
530 1653 744 1690 peccatorum,
770 1647 841 1680 fons
867 1648 951 1680 vitae
976 1647 1096 1679 caelica
1120 1647 1227 1679 clavis.

426 1697 525 1729 Sacra
547 1696 700 1736 pincerna
722 1696 844 1737 veniae,
868 1696 978 1736 regina
1001 1704 1150 1736 superna,

344 1745 400 1779 10.
425 1744 509 1776 Solis
530 1744 672 1783 lucerna,
697 1743 847 1784 precibus
870 1752 938 1782 nos,
965 1742 1065 1784 virgo,
1092 1742 1244 1783 guberna.

426 1792 523 1831 Virgo
548 1791 616 1823 Deo
643 1791 748 1832 digna,
775 1791 864 1832 virgo
889 1791 953 1831 pia,
981 1786 1102 1835 [virgo]
1127 1790 1275 1831 benigna,

427 1840 546 1872 Contra
565 1839 724 1871 luctamen
749 1839 849 1871 hostis
874 1839 952 1870 mihi
976 1837 1059 1870 ferto
1084 1839 1243 1877 iuvamen,

426 1887 474 1919 Ut
498 1889 640 1919 sanctum
665 1885 780 1919 flamen
801 1887 855 1919 hic
879 1887 966 1931 assit,
994 1885 1094 1919 funde
1111 1894 1293 1927 precamen.

428 1934 545 1967 Sancta
569 1934 666 1967 maris
692 1935 795 1974 stella,
822 1934 900 1967 felix
923 1933 1060 1967 fecunda
1083 1935 1203 1977 puella,

348 1984 404 2016 15.
426 1983 519 2015 Hanc
543 1983 655 2014 cenam
680 1983 780 2023 signa,
805 1983 988 2022 propellens
1019 1985 1132 2015 cuneta
1155 1982 1305 2023 maligna.

428 2029 495 2062 Fac
519 2039 569 2061 me
594 2029 652 2062 sub
678 2030 759 2062 cella
784 2030 830 2062 sic
854 2031 960 2064 omnia
983 2029 1070 2063 ferre
1093 2029 1231 2071 flagella,

429 2077 474 2109 Ut
498 2077 584 2108 vitiis
608 2086 707 2118 purus
732 2080 867 2118 teneam,
894 2087 986 2118 quem
1010 2087 1080 2110 sum
1104 2079 1274 2119 petituruS,

429 2123 476 2155 Et
500 2132 592 2156 cruce
617 2133 745 2157 securus
771 2134 901 2166 pergam
926 2127 984 2159 sub
1010 2135 1048 2158 ea
1071 2127 1254 2165 morituruS,

432 2170 476 2202 Et
501 2179 571 2202 cum
597 2171 748 2204 decedam
771 2172 899 2214 mund0,
927 2182 997 2206 cum
1022 2174 1119 2206 laude
1142 2172 1302 2213 recedam,

353 2219 407 2253 20.
436 2218 485 2250 Ne
508 2218 613 2250 Belial
636 2219 790 2258 praedam
813 2220 918 2261 capiat
943 2222 983 2253 de
1007 2230 1058 2252 me
1083 2220 1145 2252 sibi
1170 2219 1308 2261 foedam,

431 2266 503 2299 Hoc
528 2268 670 2305 praestet
693 2275 816 2308 munus,
842 2268 896 2308 qui
920 2271 1033 2309 regnat
1056 2268 1160 2300 trinus
1186 2271 1218 2299 et
1242 2277 1332 2303 unus.

315 2362 397 2390 Orat.
416 2369 470 2389 ms.
489 2360 669 2397 Tegurinum
689 2367 765 2388 saec.
786 2358 831 2388 15.
870 2360 944 2389 Olm.
965 2361 1121 2389 Monacen.
1141 2358 1251 2390 20002.
1266 2378 1303 2382 —
1317 2360 1362 2391 19.
1382 2364 1446 2393 Das
1460 2365 1548 2393 Wort

242 2401 348 2430 mundo
370 2401 410 2428 ist
429 2401 459 2427 in
480 2398 530 2427 der
550 2398 603 2426 Hs.
623 2397 800 2426 unleserlich
822 2399 882 2427 und
902 2400 970 2428 ruht
989 2399 1042 2426 auf
1059 2399 1223 2427 Ooniectur.
