1651 2700
132 228 188 262 28.

133 738 190 771 29.

135 1247 190 1280 30.

133 1745 189 1779 31.

132 2245 189 2279 32.

216 225 331 260 Gaude
353 237 490 262 vernans
515 231 695 272 paradisus,

214 276 255 308 In
280 285 342 317 quo
368 277 451 309 viret
471 281 580 311 noster
604 279 702 321 visus,

213 323 253 356 In
279 333 340 364 quo
365 325 467 366 surgit
491 325 550 358 flos
575 327 711 368 decoriS,

214 371 266 404 De
291 381 353 412 quo
378 370 448 404 fluit
473 372 544 407 fons
571 375 710 408 dulcon's

261 419 307 452 Et
316 429 418 460 omne,
428 422 512 461 quod
523 425 571 453 est
580 423 744 462 optimum.

214 468 240 500 O
266 477 400 500 amoena
424 469 510 501 vitae
534 478 625 513 vena,

215 515 363 557 Languet
387 525 459 548 mea
482 526 571 550 mens
597 526 705 558 egena,

215 563 272 595 Nil
293 567 343 596 est
357 564 468 597 valens
485 568 518 598 te
534 574 598 597 non
614 565 745 606 habenS,

215 611 306 644 Perit
331 612 441 645 valens
466 612 550 645 male
573 613 698 656 tabens,

262 659 448 701 Frigentem
474 660 547 693 fove
572 661 720 693 animum.

219 735 343 779 Gaude,
371 745 456 778 cara,
483 737 579 770 valde
605 738 701 781 clara,

214 785 264 816 Tu
288 784 404 826 Maria,
431 794 497 817 non
522 793 641 827 amara,

214 833 309 873 Mihi,
335 841 460 875 precor,
487 833 664 876 applicare,

215 881 260 914 Et
285 889 379 921 quam
405 881 508 913 dulcis
533 881 588 922 sis,
614 889 746 922 appare,

264 929 348 961 Nam
362 930 451 961 satur
460 931 517 970 est,
533 938 626 968 quem
636 930 745 962 satias.

216 978 242 1011 Ο
268 977 388 1018 regina,
414 977 458 1009 sis
483 977 599 1019 vicina,

218 1026 243 1058 Ο
271 1025 400 1066 dilecta,
425 1034 489 1057 non
515 1024 651 1067 declina,

217 1074 331 1105 Temet
354 1074 458 1112 ipsam
483 1082 546 1106 non
571 1073 713 1113 absente,

217 1121 273 1153 Me
295 1120 463 1162 frequenta
489 1124 521 1153 et
545 1123 689 1153 sustenta

265 1169 337 1201 Nec
358 1168 497 1200 debilem
520 1169 671 1210 proicias.

218 1244 343 1288 Gaude,
370 1247 482 1287 mater,
509 1245 551 1278 ad
576 1247 608 1277 te
634 1254 738 1286 curro,

215 1294 265 1326 Tu
289 1293 443 1335 ausculta,
470 1293 556 1335 quod
582 1302 723 1335 susurrO,

214 1341 296 1383 Ave,
322 1341 426 1383 gaude
448 1342 510 1374 tibi
534 1341 648 1384 clamo,

217 1390 274 1431 Te,
300 1393 337 1421 ut
359 1398 501 1431 possum,
526 1391 611 1421 totus
637 1398 708 1422 amo

262 1438 308 1470 Et
332 1446 402 1470 cum
428 1438 573 1470 omnibus
596 1438 729 1471 viribus

213 1486 301 1517 Ante
325 1486 484 1527 thronum,
510 1495 528 1518 ο
556 1485 680 1530 decora,

215 1533 351 1566 Dulcem
376 1533 500 1574 prolem
524 1542 584 1574 pro
609 1543 661 1565 me
681 1542 747 1574 ora,

217 1581 309 1620 Quod
334 1581 468 1625 rogaris,
495 1582 711 1623 prosequaris,

215 1629 320 1661 Datur
344 1628 414 1670 tibi,
441 1630 527 1669 quod
551 1630 693 1670 precaris

264 1678 350 1710 Prae
375 1678 557 1717 angelorum
583 1678 724 1710 milibus.

217 1744 341 1786 Gaude,
365 1753 436 1777 mea
459 1746 673 1787 procuratrix,

217 1792 425 1825 Peccatorum
449 1793 642 1835 excusatrix,

216 1840 309 1872 Meas
333 1840 446 1872 sordes
466 1843 566 1882 terge,
591 1841 676 1883 lava,

217 1887 313 1929 Tege,
341 1888 413 1920 dele
437 1887 524 1921 facta
547 1898 658 1931 prava,

263 1935 315 1967 Da
339 1937 436 1977 caste,
461 1936 580 1968 munde
604 1937 722 1970 vivere.

221 1982 343 2025 Gaude,
362 1983 452 2024 virga
467 1993 627 2024 nunquam
644 1993 748 2024 arenS.

218 2032 301 2063 Aret
325 2032 431 2063 autem
456 2032 501 2064 tui
528 2040 649 2075 carens,

219 2079 289 2112 Tuo
313 2077 433 2113 florens
456 2080 490 2112 in
515 2089 623 2113 amore

218 2127 289 2160 Stet
313 2136 368 2160 cor
391 2136 496 2160 meum
520 2129 554 2161 in
579 2128 695 2171 virore,

262 2176 310 2208 Te
332 2176 508 2209 meditetur
530 2176 643 2210 libere.

217 2242 341 2286 Gaude,
369 2243 456 2276 clara
480 2244 576 2276 stella
599 2245 708 2287 maris,

216 2291 324 2324 Mater
348 2292 455 2333 magni
479 2292 656 2336 luminaris,

217 2340 335 2374 Rotam
359 2341 436 2373 solis
462 2341 651 2384 specularis,

216 2389 350 2422 Trinum
374 2388 478 2422 Deum
504 2390 730 2432 contemplaris

260 2438 299 2472 In
325 2438 410 2472 omni
434 2438 685 2480 pulchritudine.

816 493 871 526 33.

816 978 871 1011 34.

818 1514 877 1547 35.

819 2007 875 2039 36.

898 232 947 265 Tu
970 232 1004 265 in
1029 231 1098 265 Deo
1122 240 1198 266 vere
1222 234 1289 265 tota

896 280 979 313 Fixa
1002 290 1131 313 manens
1158 284 1191 313 et
1212 281 1352 323 immota,

898 328 999 360 Deum
1025 328 1133 361 vivum
1154 329 1291 371 intuere,

898 376 996 416 Quem
1020 376 1193 409 iucundum
1219 379 1266 408 est
1292 377 1404 409 videre

945 426 983 457 In
1008 433 1064 457 suo
1091 425 1176 457 claro
1197 424 1325 459 lumine.

899 491 1024 534 Gaude,
1047 491 1103 523 lux
1127 489 1332 533 indefectiva,

899 539 1116 571 Tenebrarum
1142 539 1315 583 expulsiva,

899 586 1062 619 Nutritiva
1087 586 1239 628 caritatis,

900 635 1020 667 Christi
1046 635 1127 666 caris
1154 643 1228 667 cara
1252 634 1341 675 satis,

947 683 1052 722 Supra
1075 682 1204 715 modum
1229 682 1384 715 amabilis

900 729 1014 762 Gaude
1037 739 1141 762 meum
1167 729 1276 762 favens
1301 728 1388 770 audi,

898 777 969 809 Hoc
992 778 1132 810 inscribe
1156 780 1230 810 tuae
1254 777 1353 819 laudi,

897 825 944 858 Ut
967 826 1009 857 sit
1035 825 1138 867 dulce,
1162 829 1199 858 ut
1222 825 1265 856 sit
1289 832 1385 858 suave

898 872 1001 905 Tuum
1024 882 1093 914 ave,
1118 873 1196 905 mihi
1221 871 1303 915 fave,

947 921 1055 953 Mater
1080 920 1311 953 desiderabilis.

899 976 1022 1019 Gaude,
1048 986 1164 1017 parens
1191 985 1302 1009 carens
1327 976 1406 1017 pari.

901 1025 988 1064 Quae
1013 1025 1056 1057 sit
1081 1025 1176 1065 digna
1201 1024 1248 1056 sic
1273 1024 1382 1062 amari,

899 1072 999 1112 Quam
1012 1081 1161 1114 amarem,
1176 1072 1218 1105 ad
1231 1081 1324 1112 quam
1335 1073 1426 1113 irem,

899 1121 978 1153 Tam
1002 1129 1131 1153 suavem
1158 1129 1228 1152 cum
1252 1122 1285 1151 te
1302 1120 1427 1160 scirem,

947 1169 1034 1209 Quae
1041 1169 1163 1201 nullam
1173 1167 1273 1200 habes
1281 1168 1428 1201 similem.

901 1215 1023 1258 Gaude,
1047 1217 1159 1249 mundi
1185 1216 1272 1248 clara
1297 1216 1376 1256 dies,

901 1264 1015 1297 Cordis
1040 1265 1102 1295 mei
1127 1267 1219 1305 grata
1243 1264 1343 1304 quies,

899 1311 951 1344 Ne
973 1315 1005 1344 te
1029 1320 1121 1344 amen
1145 1313 1214 1344 sine
1239 1320 1343 1353 causa,

899 1359 938 1392 In
971 1361 1031 1393 hac
1055 1363 1149 1392 nocte
1172 1367 1294 1391 mecum
1320 1367 1429 1399 pausa,

947 1408 999 1441 Da
1022 1410 1159 1440 mentem
1181 1410 1310 1450 castam,
1328 1405 1430 1439 humi-

1202 1455 1276 1489 lem.

902 1513 1027 1557 Gaude,
1052 1522 1127 1545 rosa
1151 1512 1294 1545 caritatis

903 1561 1124 1595 Admirandae
1148 1560 1325 1603 suavitatis,

901 1611 983 1643 Toto
1008 1609 1104 1643 corde
1129 1608 1370 1650 complectenda

902 1658 945 1691 Et
970 1666 1168 1699 nequaquam
1195 1656 1396 1696 dimittenda,

952 1706 1016 1739 Sed
1041 1705 1210 1738 salutanda
1237 1704 1383 1737 dulciter.

904 1755 929 1788 O
957 1755 1085 1794 dilecta,
1111 1762 1216 1785 meum
1239 1753 1358 1789 lectum

900 1803 1007 1843 Purga
1029 1811 1144 1843 purum
1169 1809 1228 1842 per
1252 1800 1410 1841 affectum,

901 1850 941 1883 In
965 1859 1026 1891 quo
1051 1849 1146 1881 simul
1173 1849 1363 1882 collocemur

900 1898 945 1930 Et
967 1898 1002 1930 in
1028 1896 1155 1930 Christo
1180 1899 1381 1930 conectemur

948 1946 1114 1978 Ardenter
1139 1951 1170 1979 et
1195 1944 1374 1978 sinceriter.

902 2003 1026 2045 Gaude,
1051 2003 1166 2046 gaude,
1192 2011 1269 2035 cara
1292 2012 1373 2043 mea,

900 2052 1043 2084 Mentem
1068 2053 1210 2084 sanctam
1228 2051 1262 2083 in
1277 2060 1328 2084 me
1347 2059 1430 2091 crea,

901 2101 948 2134 Ut
972 2099 1067 2141 sopiti
1093 2100 1198 2133 cordis
1225 2109 1326 2140 vapor

902 2148 952 2182 Sit
975 2147 1092 2181 amoris
1121 2148 1224 2181 dulcis
1249 2157 1346 2189 sapor

947 2196 993 2229 Et
1017 2205 1113 2229 suave
1139 2196 1343 2229 desiderium.

902 2245 927 2278 Ο
952 2244 1103 2286 iucunda,
1127 2253 1179 2276 me
1205 2243 1378 2282 circumda,

902 2292 1052 2327 Caritatis
1076 2302 1172 2325 manu
1194 2291 1322 2331 munda,

900 2341 948 2375 Ut
970 2349 1079 2375 amare
1102 2343 1136 2372 te
1160 2347 1341 2372 assuescam

900 2390 946 2422 Et
970 2389 1105 2422 amando
1131 2397 1196 2420 non
1221 2387 1392 2427 quiescam,

949 2439 996 2472 Te
1019 2437 1098 2470 mihi
1126 2436 1167 2469 da
1191 2436 1224 2468 in
1244 2435 1431 2476 praemium.
