1651 2700
686 131 937 166 —226-—

179 234 209 267 5.
238 232 343 265 Veluti
368 232 443 265 solis
469 231 576 264 radius

238 279 361 313 Subtile
386 282 416 311 et
442 279 595 318 integrius

287 327 440 368 Specular
466 325 654 366 ingreditur,

237 374 291 407 Sie
314 377 447 406 matrem
471 372 533 405 Dei
555 370 650 407 filiuS,

239 421 338 455 Immo
363 421 461 453 multo
486 418 632 451 subtilius

280 470 385 501 Intrat
409 470 440 498 et
465 464 633 506 egreditur.

856 225 888 257 6.
914 223 938 256 O
965 223 1081 263 Maria,
1108 222 1261 261 templum
1286 221 1358 262 Dei,

914 269 1009 305 Scala
1035 269 1125 311 caeli,
1152 269 1238 303 salus
1264 269 1322 309 rei,

960 317 1076 350 Mundi
1101 324 1175 356 spes
1202 318 1235 347 ei.
1258 315 1371 355 gloria,

913 364 975 397 Pro
1002 363 1141 404 indignis
1168 362 1299 403 dignum
1326 361 1423 402 digna

910 411 1028 444 Natum
1053 420 1119 450 ora,
1147 420 1164 443 o
1192 409 1337 451 benigna,

962 459 1068 500 Virgo,
1095 458 1172 491 Sion
1196 457 1273 490 filia.

240 542 318 570 Orat.
344 549 387 568 ms
426 539 537 567 Domus
564 538 665 565 Novae
691 536 780 563 Lucis
810 535 881 562 anni
910 532 991 562 1477.
1039 533 1108 562 Cod.
1133 533 1320 562 Ultraieetin.
1348 531 1466 564 Scriptt.

163 580 243 607 Eeel.
268 577 332 607 375.
353 593 390 598 —-
412 576 439 610 l,
471 575 488 603 2
509 576 601 611 Virga
621 575 681 602 und
702 576 732 601 ei:
749 572 856 602 fehlen.
877 587 914 591 —
934 569 965 606 3,
993 570 1013 599 4
1033 573 1149 608 virgine
1169 570 1252 599 fehlt.
1275 584 1313 589 -—
1332 568 1365 603 3,
1392 568 1409 597 5
1424 569 1466 596 Et

159 617 240 645 fehliz.
259 632 297 637 —
316 614 473 643 Vielleieht
491 614 633 650 Sequeuz.

560 759 621 791 180.
651 758 697 790 Ad
717 759 844 790 beatam
864 756 996 789 Mariam
1015 757 1052 789 V.

174 861 205 895 1.
231 860 321 900 Vale,
347 860 448 901 virgo,
474 861 548 899 post
571 858 721 900 genitum,

232 907 360 940 Exaudi
383 915 494 949 preces
520 907 709 947 supplicum,

230 954 356 994 Ecquid
375 954 520 995 poscenti
544 953 698 986 Dominus

234 1002 307 1034 Tibi
330 1002 461 1043 negabit
484 1000 592 1034 filius?

176 1071 205 1103 2.
231 1069 264 1101 Si
290 1070 411 1100 tantum
437 1068 526 1109 velis,
555 1067 691 1109 domina,

234 1117 355 1148 Nostra
381 1115 527 1148 delentur
552 1114 695 1154 erimina,

234 1164 434 1203 Quapropter
458 1164 492 1193 te
517 1163 688 1202 praecipue

235 1210 378 1251 Oramus,
403 1218 512 1241 servos
537 1210 671 1249 respice.

182 1278 213 1309 3.
240 1277 286 1308 Te
306 1278 428 1317 orante,
452 1275 661 1316 sanctissima,

238 1324 338 1356 Orant
360 1326 539 1355 sanctorum
564 1322 698 1365 agmina,

238 1370 272 1402 Si
297 1373 330 1401 te
354 1371 520 1402 adversam
544 1369 743 1410 praevident,

239 1417 399 1450 Caelestes
425 1418 509 1449 cives
536 1417 703 1450 conticent.

851 859 884 891 4.
910 858 973 890 Per
998 859 1041 897 te,
1067 857 1157 896 virgo
1183 856 1372 897 castissima,

911 904 1011 937 Nobis
1039 905 1174 937 donetur
1201 904 1292 936 venia

911 951 1051 991 Tuisque
1075 952 1194 984 sanctis
1219 951 1370 992 precibus

915 999 1108 1032 Concilietur
1131 999 1297 1033 Dominus.

855 1068 885 1100 5.
911 1065 1047 1110 Exaudi,
1076 1066 1164 1105 virgo
1190 1066 1357 1109 virginum,

911 1114 976 1146 Pro
1000 1113 1093 1146 nobis
1119 1122 1176 1145 ora
1198 1112 1311 1154 filium,

912 1162 1036 1194 Futura
1058 1162 1146 1194 mala
1168 1160 1305 1202 prohibe

911 1208 956 1240 Et
979 1208 1104 1241 miseris
1131 1211 1323 1256 compatere.

857 1277 886 1308 6.
915 1275 939 1308 O
966 1276 1066 1317 virgo,
1091 1278 1193 1307 mater
1218 1275 1359 1318 Domini,

914 1323 1057 1355 Attende
1081 1331 1189 1355 vocem
1216 1324 1335 1365 populi,

913 1370 959 1402 Ut
983 1379 1041 1410 pro
1068 1371 1144 1403 cleri
1171 1371 1356 1403 criminibus

914 1417 1084 1458 ignoscens
1108 1422 1220 1458 pareat
1243 1418 1407 1451 Dominus.

520 1484 551 1518 ¹7.
580 1483 676 1524 Virgo
701 1482 938 1526 gloriosissima,

573 1530 660 1563 Vota
684 1531 808 1571 comple
831 1529 970 1564 feminea

576 1577 704 1617 Nosque
729 1580 800 1619 post
826 1579 922 1611 vitam
946 1577 1092 1620 fragilem

575 1626 626 1658 Ad
652 1634 757 1657 veram
782 1626 904 1665 perduc
928 1627 1079 1667 requiem.

243 1699 322 1726 Orat.
349 1708 400 1727 ms.
427 1700 538 1728 Domus
564 1700 667 1744 Novae
691 1701 781 1728 Lucis
809 1703 879 1729 anni
908 1700 989 1730 1477.
1035 1702 1104 1731 cod.
1135 1703 1321 1731 Ultraieetin.
1350 1704 1470 1742 Scripst.

167 1736 248 1763 Eoel.
265 1734 328 1764 375.
351 1751 389 1756 ——
411 1735 439 1771 1,
460 1734 478 1765 3
498 1736 539 1765 Et
561 1738 639 1773 quid.
659 1752 696 1757 —
716 1736 750 1773 4,
771 1737 790 1766 4
809 1740 1033 1769 Reconcilietur.
1055 1755 1091 1760 ——
1112 1740 1139 1774 6,
1160 1739 1178 1769 3
1198 1741 1240 1768 Et
1257 1750 1310 1777 pro
1332 1743 1412 1771 oleri.
1432 1758 1472 1763 —

165 1773 193 1809 7,
216 1771 231 1801 1
251 1774 275 1802 O
295 1776 377 1810 virgo
399 1774 537 1811 gloriosa.

606 1923 660 1956 181.
692 1926 734 1956 De
753 1926 850 1957 beata
868 1926 969 1958 Maria
991 1927 1027 1958 V.

184 2010 215 2042 1.
240 2009 331 2050 Vale,
357 2011 444 2051 virgo
468 2012 566 2054 regia,

240 2056 302 2088 Dei
324 2057 418 2097 plena
442 2060 554 2099 gratia.

182 2125 213 2156 2.
239 2122 328 2163 Vale,
355 2123 442 2155 Iesse
466 2124 597 2167 virgula,

239 2169 374 2203 Florida
393 2179 452 2210 per
475 2173 611 2205 saecula.

183 2239 214 2271 3.
241 2236 330 2278 Vale,
356 2237 454 2276 stirps
479 2236 636 2271 Davidiea

242 2284 287 2316 Et
310 2286 413 2317 mater
438 2283 560 2317 deifica.

183 2353 216 2387 4.
243 2351 331 2395 Vale,
358 2352 447 2393 virgo
472 2351 639 2394 virginum,

242 2400 327 2439 Quae
350 2400 487 2442 portasti
510 2399 691 2434 Dominum.

859 2018 890 2051 5.
917 2016 1010 2057 Vale,
1036 2019 1139 2050 mater
1165 2018 1304 2061 Domini,

917 2063 1018 2097 Grata
1042 2068 1153 2098 saneto
1177 2065 1309 2100 flamini.

862 2131 893 2164 6.
920 2131 1012 2174 Vale,
1039 2132 1120 2164 caeli
1145 2133 1284 2175 domina,

918 2178 1038 2211 Nostra
1064 2180 1173 2212 delens
1200 2181 1343 2217 erimina.

864 2244 895 2277 7.
921 2245 1009 2288 Vale,
1038 2255 1119 2285 quae
1143 2249 1218 2286 post
1241 2247 1342 2283 filium

918 2291 964 2324 Es
989 2292 1075 2325 salus
1100 2292 1253 2329 fidelium.

862 2357 892 2389 8.
921 2357 1008 2396 Vale,
1036 2367 1150 2399 expers
1177 2360 1328 2406 oriminis,

919 2404 1027 2437 Mater
1052 2406 1120 2438 veri
1144 2405 1283 2441 luminis.
