1651 2700
146 215 200 249 10.

149 529 204 564 11.

149 749 206 783 12.

149 1016 205 1051 13.

147 1234 201 1268 14.

146 1540 202 1574 15.

144 1797 200 1830 16.

140 2200 195 2235 17.

665 119 921 156 -159—

227 215 314 248 Fons
337 216 585 260 indeficientiae,

229 263 279 297 Tu
305 264 393 297 rivus
418 263 611 304 affluentiae,

278 311 367 351 Quae
388 312 471 345 nulli
498 313 554 345 das
577 313 689 352 invita,

228 358 350 392 Hortus
375 360 500 393 clausus
526 363 558 392 et
580 360 732 404 signatus,

229 406 338 451 Flore,
366 405 473 440 fructu
497 410 690 451 amoenatus,

276 454 329 487 Ab
354 454 482 488 homine
505 464 566 488 nec
588 455 678 489 scita.

228 531 292 564 Per
315 530 418 564 filium
441 532 610 572 imperium

228 579 337 612 Mater
361 581 474 611 tenens
500 580 693 619 aethereum,

278 626 394 659 Secum
420 627 591 667 disponens
616 626 731 666 omnia,

278 674 393 707 Certus
417 683 498 715 sum,
532 675 617 715 quod
640 675 682 707 sit
707 674 761 707 ita.

233 749 398 791 virginale
421 751 596 791 speculum,

228 798 292 831 Per
320 798 405 838 quod
430 799 518 830 lucet
541 798 713 838 saeculum,

229 844 396 878 Castitatis
418 845 531 888 lilium,

275 893 462 925 Amoenitas
487 891 600 925 florum

275 940 322 972 Et
347 940 483 973 dulcedo
507 949 641 973 morum.

225 1016 399 1049 Thalamus
424 1017 610 1056 munditiae,

226 1063 375 1096 Thronus
401 1064 589 1104 sapientiae,

227 1111 299 1150 Eia,
327 1120 388 1152 quo
413 1120 471 1143 rex
495 1112 617 1152 gloriae

229 1158 374 1192 Christus
398 1159 491 1191 sedet
513 1158 618 1192 hodie.

228 1234 315 1268 Mira
339 1235 494 1275 genitura,

227 1284 326 1316 Paret
349 1282 440 1323 virgo
466 1291 548 1323 pura

226 1330 289 1363 Dei
311 1330 413 1370 patris
439 1330 550 1371 filium,

224 1379 263 1411 In
289 1387 350 1418 quo
375 1377 442 1410 vita
467 1378 616 1420 omnium,

227 1426 335 1459 Omnis
362 1428 519 1468 creatura,

227 1473 252 1507 O
278 1473 377 1515 virgo,
403 1482 455 1505 me
481 1481 566 1508 cura,

230 1540 255 1573 O
280 1540 397 1571 mirum
420 1540 531 1573 matris
554 1540 711 1583 meritum,

227 1587 361 1620 Servum
386 1587 461 1620 dum
486 1585 565 1619 facit
588 1588 758 1628 dominum,

223 1635 328 1667 Deum
348 1637 494 1667 nostrum
519 1644 557 1667 ae
576 1635 759 1676 Dominum,

222 1683 306 1715 Dum
332 1682 414 1714 imus
437 1682 474 1715 fit
500 1684 637 1716 omnium

272 1730 443 1763 Summitas
466 1739 671 1766 summorum.

227 1798 252 1830 O
277 1797 360 1830 mira
382 1797 555 1837 humilitas,

228 1845 288 1878 Cui
311 1844 402 1877 nulla
425 1846 544 1887 vilitas,

271 1892 353 1924 Vilis
380 1895 429 1924 est
452 1893 643 1936 hominibus,

222 1941 287 1973 Per
311 1940 452 1973 Mariam
470 1940 625 1981 virginem

272 1988 399 2020 Nobilis
428 1988 589 2021 nobilibus

224 2036 317 2070 Colla
340 2037 552 2077 superborum

226 2084 361 2118 Calcans
386 2084 569 2126 impiorum,

224 2133 249 2166 O
277 2133 394 2165 donum
421 2133 587 2167 donorum.

223 2200 326 2233 Stella
349 2200 447 2233 maris
468 2201 611 2241 praevia,

222 2248 335 2282 Salvos
361 2257 418 2282 nos
446 2249 509 2282 duc
532 2258 592 2289 per
618 2249 712 2282 devia

222 2297 278 2330 Ad
301 2297 389 2330 vitae
411 2296 577 2330 introitum

221 2346 268 2379 Et
294 2346 443 2378 meritum
468 2345 652 2378 habentium

270 2394 441 2428 Consortes
467 2393 520 2427 fac
543 2395 709 2428 iustorum.

834 219 888 253 18.

835 513 889 548 19.

832 714 888 747 20.

832 960 889 993 21.

832 1113 887 1144 22.

832 1455 886 1487 23.

832 1607 887 1639 24.

832 1952 887 1985 25.

830 2155 885 2187 26.

914 218 1108 258 Imperatrix
1125 217 1274 258 omnium,

914 266 1016 307 Regni
1040 267 1151 297 tenens
1178 265 1300 303 solium,

914 313 963 345 Tu
989 321 1056 345 cum
1084 314 1210 352 sceptro
1231 313 1348 353 radias,

915 361 964 393 Tu
988 361 1201 401 principatum
1226 359 1344 392 habeas

962 408 1065 450 Regni
1090 408 1259 450 caelorum,

964 456 1012 488 Tu
1038 464 1070 487 es
1096 457 1165 488 laus
1191 455 1383 496 angelorum.

914 513 964 545 Tu
990 513 1135 545 caelestis
1161 512 1307 553 dulcedo,

963 561 1013 593 Tu
1037 563 1140 592 mater
1165 569 1197 591 es
1223 560 1350 601 amoris,

915 607 1101 648 Virginitas,
1126 606 1317 647 fecunditas,

964 655 1072 688 Omnis
1098 664 1211 695 expers
1237 655 1366 688 doloris.

914 712 963 744 Tu
989 712 1111 754 civitas,
1139 711 1307 752 festivitas,

917 757 956 791 In
981 762 1014 792 te
1038 759 1113 792 boni
1137 760 1283 800 sacietas,

964 807 1140 847 Amplexus
1165 806 1283 849 filialis,

916 855 963 886 Te
987 858 1113 887 recreat
1134 855 1266 893 laetitia,

962 903 1012 934 Tu
1036 905 1138 934 mater
1163 902 1301 935 curialis.

914 958 1000 992 Nato
1023 959 1128 1000 iungis
1152 957 1260 992 felicia

915 1006 980 1039 Ora
1006 1015 1076 1038 cum
1101 1007 1251 1047 amicitia,

915 1053 951 1094 Ο,
978 1055 1047 1094 quis
1073 1053 1195 1086 audivit
1219 1054 1307 1087 talia.

913 1110 1020 1144 Radix
1043 1110 1302 1152 immortalitatis.

915 1158 992 1192 Flos
1019 1157 1248 1201 deliciositatis,

963 1206 1148 1239 Sanctitatis
1174 1204 1308 1246 fructus,

914 1253 1017 1286 Dulce
1041 1253 1171 1294 lignum,
1205 1253 1290 1285 dulci
1317 1253 1446 1295 dignum

914 1300 1060 1334 Melodia
1083 1300 1221 1342 quidem,
1248 1300 1323 1342 quia

914 1349 1021 1382 Vitam
1047 1349 1164 1381 mundo
1188 1349 1335 1389 portasti,

961 1396 1069 1429 Mater
1092 1396 1170 1430 filia.

913 1453 1061 1486 Thronus
1087 1453 1180 1495 regis.
1208 1462 1283 1485 arca
1307 1453 1395 1495 legis,

912 1501 1029 1534 Botrus
1056 1501 1165 1541 Cypri,
1191 1502 1281 1541 spica
1304 1500 1408 1539 nardi,

964 1549 1051 1581 Odor
1074 1549 1252 1582 suavitatis

914 1607 963 1640 Tu
990 1606 1161 1647 balsamus,
1189 1608 1223 1637 tu
1249 1605 1397 1648 calamus,

915 1654 961 1687 Te
987 1654 1080 1686 decet
1103 1654 1187 1695 regis
1213 1653 1381 1691 thalamus,

914 1701 964 1734 Tu
989 1710 1022 1734 es
1047 1702 1189 1734 Hesther
1213 1701 1439 1741 pulcherrima,

914 1749 964 1782 Tu
990 1759 1024 1782 es
1046 1749 1157 1782 Iudith
1183 1748 1367 1791 fortissima,

912 1797 962 1830 Tu
987 1798 1109 1830 hostem
1133 1797 1244 1829 mundi
1271 1797 1419 1837 conteris,

912 1845 1070 1885 Populum
1095 1850 1185 1878 tuum
1211 1844 1320 1886 eripis,

914 1892 1024 1925 Virtus
1050 1896 1105 1925 tua
1125 1893 1302 1927 notissima.

913 1950 962 1983 Tu
988 1950 1100 1984 civitas
1124 1950 1275 1990 iustitiae,

916 1999 1001 2031 Voce
1025 1998 1122 2039 plena
1146 1998 1298 2039 laetitiae,

913 2046 959 2079 Te
984 2047 1091 2087 magni
1111 2047 1246 2079 laudant
1270 2047 1419 2090 carmine,

914 2094 961 2127 Te
985 2103 1106 2135 parvae
1132 2098 1249 2128 canunt
1273 2096 1407 2128 animae.

911 2152 1019 2186 Mater
1043 2153 1292 2196 misericordiae,

913 2202 964 2235 Tu
989 2203 1044 2233 tua
1067 2202 1173 2241 pascis
1199 2201 1307 2241 specie

913 2249 1074 2282 Dilectum
1099 2249 1133 2281 in
1158 2248 1303 2282 meridie.

912 2297 962 2330 Tu
987 2296 1108 2329 fontem
1133 2297 1322 2337 sapientiae,

915 2346 939 2379 O
968 2345 1138 2387 singularis
1164 2345 1287 2385 gratiae

911 2393 1042 2435 Hauris,
1072 2396 1176 2425 mater
1201 2392 1398 2425 clementiae.
