1651 2700
150 230 206 265 10.

149 740 204 773 11.

151 1250 206 1283 12.

147 1748 201 1782 13.

145 2248 201 2282 14.

673 139 907 175 -93—

234 230 358 276 Gaude,
384 235 525 275 gaudens
551 236 620 269 sine
642 236 716 278 fine,

232 281 257 314 O
283 282 437 323 magistra
463 284 660 325 disciplinae,

234 328 329 362 Cuius
354 331 497 364 scholam
522 331 735 377 frequentare,

232 376 328 410 Cuius
353 381 477 420 virgam
502 385 695 420 supportare

277 424 351 457 Non
375 430 489 467 gravat
511 431 582 459 tuos
606 427 701 462 filios,

231 471 354 512 Gaude,
381 475 477 507 valde
504 475 673 516 diligenter

230 520 410 561 Diligentes
435 525 468 555 te
492 523 644 556 ardenter

231 567 265 601 Si
291 569 368 610 quid
394 574 504 603 errant
527 571 734 615 negligenter,

230 615 421 650 Nescienter
446 622 502 651 aut
526 618 665 650 scienter

276 664 344 697 Fac
355 675 487 705 poenae,
504 666 618 707 culpae
625 667 759 700 nescios.

232 741 345 775 Gaude
356 743 430 782 plus
439 753 533 783 quam
547 743 759 788 vehementer,

232 789 279 822 Te
304 799 445 822 amamus
470 793 536 823 tam
560 791 707 830 libenter,

231 838 414 870 Salutamus
440 841 504 871 tam
530 837 724 883 frequenter,

230 885 428 918 Veneramur
453 889 647 927 reverenter,

277 934 430 976 Attende,
458 944 475 966 o
500 934 674 969 carissima.

232 980 345 1015 Gaude
369 991 428 1022 pro
453 991 599 1014 maerore
623 982 719 1023 tristi,

230 1031 330 1070 Quem
356 1030 391 1061 in
414 1034 519 1062 morte
542 1030 617 1062 Iesu
641 1029 762 1063 Christi

232 1077 295 1110 Illa
321 1077 402 1109 dura
425 1078 459 1109 in
484 1080 609 1110 tortura

229 1125 275 1158 Et
300 1125 459 1157 clavorum
486 1126 519 1158 in
545 1124 649 1157 fixura

278 1173 405 1216 Tulisti,
432 1173 659 1208 amantissima.

235 1248 358 1290 Gaude,
386 1251 473 1282 clara
497 1250 605 1282 multis
631 1251 739 1291 signis,

231 1297 326 1331 Cuius
352 1307 441 1330 amor
465 1297 577 1339 globus
601 1299 696 1339 ignis,

228 1346 367 1385 Lampas
381 1346 508 1388 ardens,
522 1345 588 1386 fax,
607 1346 756 1387 scintilla,

228 1393 277 1425 Tu
301 1394 445 1436 insignis,
470 1397 506 1426 tu
530 1394 657 1435 pusilla,

277 1441 327 1472 Tu
335 1442 420 1482 talis,
432 1443 558 1482 qualem
567 1443 756 1481 quaerimus.

229 1489 351 1531 Gaude,
380 1489 468 1521 cuius
496 1489 598 1522 dulcis
623 1499 711 1522 amor

229 1536 291 1569 Est
315 1536 347 1568 in
374 1537 471 1569 corde
496 1537 589 1570 fortis
616 1538 744 1579 clamor,

228 1584 289 1625 Qui
315 1584 389 1616 dum
413 1594 566 1625 praesens
584 1587 758 1628 experitur,

229 1633 292 1666 Cor
317 1636 349 1664 et
371 1636 483 1673 pectus
509 1633 662 1674 aperitur,

276 1680 433 1721 Aegrotat
457 1682 574 1714 ardens
600 1682 732 1715 animus.

226 1747 348 1786 Gaude,
375 1749 492 1789 suavis,
517 1757 673 1792 amorosa,

229 1796 431 1830 consolatrix
456 1795 630 1837 fructuosa,

228 1843 321 1882 Sapis
345 1844 438 1875 nobis
463 1854 481 1876 o
507 1853 601 1885 quam
625 1845 717 1885 bene,

232 1890 327 1923 Cuius
352 1899 453 1923 venae
476 1892 572 1924 melle
593 1893 718 1936 plenae,

275 1937 421 1970 Dulcedo
446 1939 657 1974 jubilantium.

231 1986 353 2026 Gaude,
380 1986 470 2026 virgo
495 1989 685 2029 verecunda,

228 2033 430 2075 Rubicunda,
456 2034 659 2080 laetabunda,

230 2081 326 2115 Cuius
351 2082 475 2115 vultum
500 2082 641 2124 quisquis
657 2085 756 2127 videt,

228 2130 279 2162 De
301 2133 336 2161 te
360 2131 486 2175 gaudet,
516 2131 556 2164 de
579 2134 612 2163 te
632 2133 728 2173 ridet,

276 2177 360 2211 Nam
369 2177 488 2211 formas
498 2179 599 2212 vincis
609 2181 757 2214 omnium.

230 2245 343 2279 Gaude
360 2255 431 2278 cum
447 2247 506 2290 his,
528 2247 628 2287 quite
640 2252 756 2289 amant,

224 2294 299 2327 Tibi
324 2295 427 2335 gaude
452 2296 506 2336 qui
530 2296 740 2338 proclamant,

225 2343 364 2383 Quorum
387 2352 442 2376 cor
463 2347 494 2376 te
513 2345 756 2386 contemplatur,

225 2391 453 2431 Complexatur
478 2401 537 2425 nec
562 2396 707 2434 vexatur,

270 2439 337 2473 Sed
361 2443 463 2474 totum
487 2442 521 2474 in
547 2444 579 2474 te
603 2442 738 2484 rapitur.

834 506 888 540 15.

831 1013 884 1046 16.

830 1512 884 1544 17.

831 2010 885 2044 18.

916 237 1038 280 Gaude,
1064 238 1168 279 gaude
1194 239 1263 272 dico
1288 238 1357 280 tibi,

913 286 938 319 O
957 296 1050 327 quam
1072 287 1165 319 dulce
1185 292 1242 328 est,
1262 287 1345 328 quod
1360 287 1436 326 bibi,

916 334 975 373 Qui
988 337 1021 367 te
1033 335 1166 376 quaerit,
1177 345 1334 375 nunquam
1345 335 1440 376 perit,

915 381 1013 421 Quem
1038 386 1072 415 tu
1096 392 1194 423 amas,
1220 385 1292 415 tuus
1318 382 1389 423 erit,

962 430 1059 470 Quam
1072 428 1160 472 felix,
1175 431 1229 470 qui
1242 434 1274 462 te
1285 430 1437 471 sequitur.

917 507 1039 549 Gaude,
1067 507 1154 539 cuius
1179 517 1198 539 a
1222 506 1348 540 fervore

916 555 979 588 Cor
1005 555 1117 588 ebullit
1139 555 1173 587 in
1197 564 1305 587 amore

914 603 1004 642 Quod
1030 613 1050 635 a
1073 605 1160 635 motu
1184 603 1237 635 vix
1263 602 1406 645 quiescit,

914 650 1107 692 Ingemiscit,
1131 651 1159 682 si
1184 650 1336 691 frigescit,

962 699 1057 737 Quem
1068 698 1183 739 tangis,
1194 699 1288 731 ardet
1295 698 1439 731 dulciter.

914 745 1027 778 Gaude
1050 755 1172 778 mecum
1197 749 1231 778 tu
1255 747 1288 779 in
1314 748 1429 786 mente,

914 793 1031 825 Tecum
1058 803 1111 827 ero
1135 797 1168 826 tc
1192 793 1328 836 favente,

914 840 986 873 Non
1011 843 1137 874 inanem
1161 851 1213 874 me
1238 841 1397 884 transibis,

912 888 1012 921 Immo
1038 891 1070 921 in
1094 899 1146 922 me
1169 892 1238 922 tota
1265 890 1321 922 ibis

961 936 1115 969 Mansura
1138 946 1260 969 mecum
1284 936 1410 978 iugiter.

913 1013 1036 1054 Gaude,
1062 1022 1136 1045 rosa
1160 1014 1313 1054 speciosa,

913 1061 1017 1101 Super
1041 1070 1147 1094 rosam
1172 1065 1206 1093 tu
1231 1061 1380 1098 somma,

913 1109 963 1141 Tu
991 1118 1024 1141 es
1048 1118 1122 1141 rosa
1145 1109 1326 1149 singularis,

912 1156 987 1189 Sola
1012 1166 1086 1189 rosa
1110 1159 1145 1188 tu
1169 1157 1304 1198 vocaris,

960 1205 1008 1236 Tu
1032 1204 1134 1237 lilium
1161 1207 1193 1236 et
1217 1205 1310 1237 viola.

914 1252 1036 1293 Gaude,
1063 1252 1180 1290 suavis,
1204 1253 1301 1292 plena
1325 1252 1418 1291 favis,

913 1300 1040 1332 Blanda.
1064 1300 1158 1340 caris,
1184 1301 1264 1332 nulli
1288 1300 1392 1341 gravis

914 1347 1011 1380 Cordi
1035 1356 1105 1380 meo
1131 1348 1330 1388 coniungaris

910 1396 955 1428 Et
979 1405 1034 1428 cor
1057 1404 1159 1428 meum
1186 1396 1380 1436 adloqua1·1S,

958 1443 1041 1476 Nam
1066 1443 1160 1476 ardet
1180 1443 1244 1475 iam
1260 1444 1300 1475 ad
1320 1442 1437 1476 oscula.

913 1510 1035 1552 Gaude,
1062 1519 1143 1551 pura
1168 1513 1324 1550 creatura,

914 1558 1036 1599 Gaude,
1061 1567 1187 1598 semper
1213 1558 1371 1599 gavisura,

914 1607 1052 1639 Pulchra
1077 1605 1171 1638 nimis
1196 1606 1291 1647 intus,
1318 1605 1407 1647 foris,

910 1653 997 1687 Fons
1025 1654 1174 1697 dulcoris,
1202 1653 1257 1686 fax
1277 1654 1404 1687 amoriS.

957 1703 1002 1735 Et
1026 1702 1165 1743 pectoris
1190 1702 1383 1736 incendium.

912 1751 1034 1792 Gaude,
1060 1750 1157 1783 laude
1181 1749 1307 1783 infinita

909 1799 1072 1831 Redimita
1097 1799 1279 1842 margarita,

909 1847 948 1879 In
972 1847 1075 1887 regali
1096 1846 1212 1879 throno
1237 1846 1311 1887 sita,

910 1895 997 1927 Tuus
1022 1902 1112 1926 amor
1135 1902 1206 1925 mea
1230 1894 1297 1926 vita

957 1942 1002 1975 Et
1027 1941 1133 1975 cordis
1156 1942 1359 1976 desiderium.

913 2009 1035 2050 Gaude,
1061 2012 1130 2042 tota
1153 2013 1340 2051 purpurata,

912 2058 1001 2090 Vivis
1027 2057 1129 2090 stellis
1153 2059 1351 2098 constellata,

910 2106 959 2138 Tu
985 2106 1143 2139 caelorum
1168 2114 1201 2138 es
1226 2107 1381 2146 praelata,

911 2154 1048 2187 Elevata
1069 2163 1134 2186 non
1159 2155 1252 2195 elata,

960 2202 1111 2235 Subiecta
1135 2211 1247 2243 regens
1272 2203 1413 2235 aethera.

912 2251 1032 2294 Gaude,
1061 2250 1147 2283 cuius
1172 2251 1206 2282 in
1228 2259 1346 2282 corona

910 2298 1131 2333 Perfectorum
1155 2299 1263 2330 lucent
1289 2298 1380 2340 dona,

912 2347 1007 2381 Cuius
1035 2346 1190 2388 splendor
1215 2348 1263 2378 est
1286 2349 1323 2378 ut
1345 2344 1437 2388 igni1,

911 2396 1007 2429 Cuius
1030 2396 1132 2428 honor
1157 2397 1207 2426 est
1230 2394 1374 2435 insignis,

957 2444 1032 2484 Quis
1057 2445 1167 2485 posset
1191 2441 1253 2475 fari
1280 2443 1410 2475 cetera?
