1651 2700
157 234 214 266 93.
239 232 352 265 Virtus
376 238 488 269 nostra

285 280 349 312 iam
374 291 477 323 paene
502 284 620 325 deficit,

241 329 326 362 Saxa
350 328 474 364 fraudis

288 380 319 408 et
344 377 446 411 hostis
468 379 576 421 obicit,

242 424 384 457 Mentem
411 430 553 461 nostram

289 473 322 505 in
346 475 455 507 multis
476 475 589 517 inficit,

241 519 392 553 Gaudens
418 531 489 555 cum
512 533 569 556 nos

288 568 433 602 adflictos
459 572 625 611 conspicit.

156 655 210 688 94.
238 655 289 687 Tu
312 655 400 688 illius

287 703 415 736 destrue
440 705 589 744 gaudium

237 750 368 783 Donans
396 752 488 784 nobis

285 798 405 832 Christi
431 800 632 840 consortium,

236 845 282 878 Ut
304 846 413 886 lugeat

282 894 430 926 inventor
452 892 623 936 fraudium,

237 941 282 973 Et
305 943 341 973 tu
365 942 468 975 salves

283 998 409 1030 gregem
435 989 586 1022 fidelium.

156 1076 212 1109 95.
241 1076 352 1117 Tuam,
377 1078 492 1115 mater,

283 1132 377 1156 serva
401 1124 568 1156 ecclesiam

235 1171 367 1203 Omnem
391 1171 514 1211 pellens

283 1218 323 1251 ab
349 1219 410 1251 hac
433 1219 607 1258 tristitiam,

237 1265 470 1308 Sempiternam

284 1314 404 1354 praebe
424 1314 580 1347 laetitiam

234 1362 288 1395 Ad
313 1364 494 1394 sanctorum

285 1410 464 1442 conducens
489 1409 632 1450 gloriam.

681 141 917 177 —75—

842 241 897 273 96.

841 659 897 692 97.

839 1078 893 1111 98.

922 239 1025 272 Huius
1048 239 1154 272 laudis

971 287 1111 328 quisquis
1136 289 1319 321 memoriam

922 334 1107 369 celebrabit

969 382 1130 423 poscendo
1156 384 1289 426 veniam,

923 431 972 463 Tu
996 430 1048 463 fac
1071 430 1121 463 illi

970 478 1221 511 misericordiam

923 526 1092 559 Beatorum

972 573 1118 606 donando
1144 574 1290 614 gratiam.

921 659 967 691 Et
990 668 1048 691 nos
1072 659 1143 700 tibi,

968 707 1068 750 virgo,
1095 708 1248 750 consocia,

924 755 971 787 Ut
994 755 1167 795 gaudentes

970 802 1004 834 in
1028 806 1083 835 tua
1107 802 1210 843 gloria

924 848 1039 882 Coram
1063 850 1177 882 summi

968 899 1069 937 patris
1098 898 1281 937 praesentia

922 944 1134 977 Decantemus

968 992 1034 1024 eius
1059 992 1227 1032 magnalia.

920 1077 1075 1110 Trinitati

966 1125 1010 1157 sit
1032 1125 1112 1165 lauS,
1138 1126 1291 1170 potentia,

921 1172 1042 1214 Honor,
1068 1172 1170 1206 virtus

969 1223 1001 1252 et
1026 1220 1223 1265 excellentia,

921 1268 1005 1308 Tibi,
1031 1269 1130 1311 virgo,

967 1325 1089 1348 summa
1111 1316 1245 1357 laetitia,

921 1363 1023 1395 Nobis
1048 1365 1153 1396 autem

969 1410 1114 1451 perfecta
1138 1412 1250 1451 gloria.

219 1494 299 1522 Orat.
324 1503 378 1522 ms.
401 1494 556 1522 Caelestin.
583 1503 659 1522 saec.
682 1492 726 1522 15.
768 1494 837 1522 Cod.
856 1495 985 1523 Parisin.
1008 1494 1115 1524 18571.
1134 1511 1173 1516 ——
1192 1495 1219 1530 4,
1241 1494 1258 1525 3
1277 1497 1453 1534 Laudesque

143 1535 209 1561 tuas
229 1533 295 1561 fari.
315 1548 354 1553 —
373 1532 418 1568 77,
443 1531 457 1560 1
478 1535 581 1560 nostra
598 1533 760 1561 humilitas.
782 1549 819 1553 —
839 1533 918 1561 Eine
937 1534 1061 1563 kiirzere
1080 1534 1216 1571 Fassung
1235 1535 1330 1563 dieses
1344 1536 1450 1564 Liedes

141 1571 233 1599 findet
251 1571 316 1600 sich
335 1571 421 1599 Anal.
435 1571 486 1604 VI,
507 1568 544 1599 53
557 1571 586 1599 ff.
624 1571 767 1599 Dieselbe
785 1573 825 1599 ist
843 1572 921 1600 wohl
942 1580 995 1601 aus
1009 1573 1065 1600 den
1080 1573 1167 1601 WW.
1181 1573 1287 1601 Ulrich
1301 1574 1451 1602 Stocklins

143 1619 181 1637 zu
201 1610 356 1638 streiehen.

492 1703 541 1735 47.
573 1701 680 1735 Oratio
701 1702 744 1734 ad
762 1703 889 1735 beatam
911 1703 1044 1736 Mariam
1063 1704 1099 1736 V.

307 1787 338 1818 1.
365 1785 511 1819 Clemens
537 1787 570 1817 et
595 1785 781 1817 dulcissima
804 1786 916 1826 regina
942 1787 1111 1830 caelorum,

365 1833 547 1865 Humanum
572 1833 780 1877 praesidium,
805 1834 947 1866 solamen
974 1834 1128 1876 dolorum,

367 1880 448 1921 Spes
472 1884 545 1921 post
570 1881 673 1913 Deum
697 1882 801 1923 unica,
827 1882 871 1914 sis
896 1891 1017 1915 memor
1040 1885 1164 1915 tuorum

365 1928 411 1961 Et
434 1927 496 1972 fac,
521 1931 557 1961 ut
581 1929 614 1961 in
638 1938 769 1962 numero
794 1930 891 1962 simus
917 1930 1153 1964 salvandorum.

309 2009 340 2040 2.
368 2007 419 2039 Sis
444 2009 555 2038 nostra
578 2007 747 2047 protectio,
773 2009 877 2039 mater
900 2007 1036 2048 illibata,

367 2054 444 2099 Fac,
470 2056 507 2086 ut
530 2054 598 2087 vita
618 2057 729 2086 nostra
753 2055 796 2086 sit
818 2058 893 2087 nato
919 2058 973 2088 tuo
997 2060 1099 2097 grata,

365 2102 411 2135 Et,
434 2111 494 2143 per
517 2104 550 2134 te
573 2111 631 2134 nos
658 2103 758 2134 societ
780 2104 964 2144 angelorum
991 2105 1106 2145 choriS‚

367 2150 427 2190 Qui
451 2160 509 2183 nos
535 2150 612 2182 emit
634 2150 738 2191 pretio
764 2152 887 2192 proprii
913 2153 1045 2186 cruoris.

306 2228 338 2261 3.
365 2228 557 2261 Cunctorum
583 2227 800 2267 peccaminum
825 2228 917 2260 nobis
941 2229 1117 2270 impetrare

364 2275 464 2316 Apud
488 2274 591 2308 Deum
617 2275 751 2317 veniam,
777 2276 914 2317 domina,
943 2278 1086 2322 dignare,

367 2323 446 2356 Cum
472 2323 617 2356 Christus
642 2324 780 2356 voluerit
804 2324 880 2357 hinc
902 2335 960 2358 nos
986 2326 1226 2367 transmigrare,

365 2373 402 2406 In
428 2372 509 2405 caeli
532 2372 655 2413 palatio
677 2371 730 2404 fac
753 2382 811 2406 nos
833 2372 990 2408 habitare.

213 2451 283 2479 Cod.
303 2451 468 2482 Londinen.
488 2450 560 2487 Reg.
581 2448 598 2477 7
621 2451 648 2477 A
669 2450 720 2478 VI.
741 2458 818 2478 saec.
839 2448 914 2479 ²4l15.
