1651 2700
161 224 218 256 29.

162 452 217 484 30.

164 681 219 713 31.

166 909 221 942 32.

171 1138 228 1170 33.

172 1367 228 1399 34.

172 1596 228 1628 35.

173 1826 228 1858 36.

172 2055 229 2087 37.

675 130 938 166 -135—

243 223 341 256 Deles
367 234 451 268 araS,
478 236 536 259 ara
559 227 632 267 Dei,

244 271 419 305 Dedicatas
446 274 633 315 daemoniis,

246 319 362 361 Maria,
389 325 536 355 matrona
560 322 640 363 spei,

244 367 352 408 Digna
383 369 487 409 dignis
512 370 683 411 obsequiis,

245 452 413 493 Obsequiis
438 455 592 495 angelicis

246 500 428 533 Honoraris
453 504 640 542 perenniter

245 547 474 589 Laudibusque
501 550 668 582 dominicis

246 595 419 628 Decoraris
445 598 637 630 sublimiter.

246 680 446 724 Sublimiter,
472 692 490 714 o
513 683 631 722 Maria,

247 728 370 761 Nomen
400 732 489 761 tuum
516 731 668 768 elevatur,

250 776 287 807 In
312 777 420 816 patria
446 781 476 809 et
501 778 535 809 in
563 779 613 810 via

250 824 303 856 Ab
331 824 441 856 electis
467 825 630 857 adoratur.

249 909 417 941 Adoratur
441 913 602 950 tamquam
630 910 771 952 dignum,

249 955 385 997 Dignius
410 966 449 989 ac
471 958 701 1001 dignissimum,

247 1005 385 1036 Vertens
419 1005 451 1036 in
478 1004 585 1046 fugam
611 1006 783 1046 malignum

247 1052 390 1092 Vergens
420 1054 450 1084 et
477 1054 606 1086 salvans
632 1054 782 1086 animum.

255 1138 406 1169 Animum
430 1138 472 1170 ad
498 1139 619 1171 cultum
643 1141 787 1170 sanctum

254 1185 437 1218 Humanum
461 1186 573 1225 trahis,
599 1186 714 1230 Maria,

254 1232 344 1264 Dans
354 1234 503 1274 gaudium
514 1233 606 1266 aufer
611 1234 786 1274 planctum,

254 1279 414 1312 Solacium
439 1290 472 1313 es
496 1281 529 1313 in
554 1282 614 1317 via.

255 1366 292 1398 In
318 1367 370 1398 via
397 1376 512 1407 corpus
535 1366 693 1399 infirmum

255 1413 288 1446 Si
315 1416 439 1446 sternat.
462 1415 511 1447 vis
535 1414 671 1455 itineris,

252 1461 365 1494 Manet
389 1472 501 1495 sanum
528 1471 583 1495 cor
600 1465 632 1494 et
648 1461 785 1503 firmum,

253 1509 321 1550 Cui,
351 1510 467 1554 Maria,
495 1510 700 1551 imprimeris.

255 1595 331 1628 Eris
358 1604 432 1636 ergo
458 1605 585 1638 semper
608 1604 743 1636 mecum,

250 1643 367 1677 Maria.
394 1652 455 1684 per
478 1645 674 1684 memoriam,

254 1692 301 1725 Ut
327 1692 420 1723 etiam
445 1692 517 1733 ipse
540 1695 644 1724 tecum

256 1738 321 1771 Sim
347 1739 465 1780 iugiter
489 1749 550 1780 per
574 1739 721 1781 gratiam.

256 1825 319 1857 Per
345 1826 480 1865 gratiam
504 1826 631 1858 iunctus
653 1828 740 1857 tuam

254 1873 308 1906 Sic
327 1875 402 1905 tuae
429 1874 576 1906 societati

252 1920 291 1952 In
315 1929 468 1960 pressura
491 1929 652 1962 nunquam
678 1930 768 1952 ruam

253 1968 383 2000 Itineris
409 1969 583 2009 reprobati.

255 2054 433 2094 Reprobati
459 2057 534 2086 sunt
558 2054 690 2095 spiritus

255 2102 372 2134 Procul
397 2102 437 2134 ab
463 2102 549 2134 illius
574 2103 637 2142 via,

255 2150 316 2190 Qui
341 2159 468 2191 semper
494 2154 600 2183 exstat
628 2150 756 2183 deditus

252 2198 383 2231 Nomini
407 2201 472 2242 tuo,
497 2198 615 2233 Maria.

852 230 908 262 38.

853 457 908 489 39.

855 685 910 717 40.

855 911 911 943 41.

858 1141 915 1173 42.

857 1368 913 1401 43.

858 1597 914 1630 44.

858 1827 915 1859 45.

858 2056 916 2088 46.

933 228 1049 271 Maria,
1077 228 1198 260 cunctis
1219 228 1380 260 mentibus

934 276 1045 308 Dulcis
1069 277 1125 308 tua
1143 276 1307 318 memoria,

934 323 1064 356 Gloriae
1087 324 1187 356 melos
1213 323 1343 355 auribus

933 371 978 403 Et
1003 371 1153 404 cordibus
1175 371 1309 403 laetitia.

934 456 1073 489 Laetitia
1100 457 1296 496 sempiterna

935 504 1039 544 Super
1064 504 1171 544 capita
1194 512 1313 544 eorum,

935 552 994 591 Qui
1020 560 1146 591 semper
1169 551 1289 584 habent.
1312 552 1439 583 interna

937 598 1086 632 Cordium
1111 599 1153 631 ad
1177 602 1210 631 te
1235 608 1373 631 suorum.

936 684 1077 716 Tuorum
1101 687 1230 724 patrum
1254 685 1403 717 meritum

937 731 1055 764 Sancta
1079 735 1189 763 tenent
1212 733 1357 773 vestigia,

937 779 1095 812 Tenentes
1120 782 1209 811 tuum
1232 779 1334 812 filium

937 826 1045 859 Iesum
1070 829 1102 858 et
1125 829 1159 859 te
1182 828 1346 860 memoria.

937 912 1098 944 Moriatur
1124 921 1198 952 ergo
1223 913 1342 945 mundo

935 958 1094 991 Memoria
1119 960 1224 991 cordis
1248 961 1321 1000 mei,

937 1006 983 1038 Ut,
1008 1007 1112 1039 vivam
1139 1007 1237 1039 corde
1258 1008 1397 1039 iucundo

936 1053 1005 1085 Deo
1030 1057 1062 1085 et
1085 1053 1155 1094 tibi,
1181 1054 1250 1086 laus
1275 1055 1348 1089 Dei.

941 1139 1003 1171 Dei
1030 1138 1236 1176 cubicularia,

941 1187 1003 1218 Dei
1028 1186 1185 1229 voluntas,
1212 1187 1329 1228 Maria,

940 1235 1028 1267 Almi
1052 1235 1232 1274 pneumatis
1254 1236 1369 1276 hostia,

939 1282 1013 1314 Iesu
1040 1282 1159 1315 Christi
1184 1285 1286 1315 mater
1311 1284 1375 1323 pia.

939 1367 1008 1411 Pia,
1035 1369 1159 1411 patenS,
1186 1370 1311 1410 potens,
1340 1369 1428 1401 dives

939 1415 1058 1447 Divina
1081 1415 1293 1457 thesauraria,

938 1462 994 1494 Me
1020 1462 1138 1503 capias,
1164 1472 1216 1494 me
1240 1464 1392 1504 captives,

939 1510 1052 1542 Turris
1077 1510 1244 1543 abundans
1268 1511 1382 1551 gratia.

942 1595 1058 1628 Gratia
1080 1594 1280 1637 indeficiens,

941 1643 1021 1684 Spes
1045 1644 1131 1675 vitae
1147 1653 1309 1684 nunquam
1324 1645 1474 1685 moriens,

940 1692 1013 1724 Lux
1037 1691 1154 1735 orienS,
1182 1690 1254 1723 fons
1280 1692 1410 1724 satiens.

940 1740 999 1773 Pie
1025 1739 1147 1772 cunctis
1173 1739 1373 1772 subveniens,

943 1825 1141 1859 Subveniens
1166 1826 1220 1866 sis,
1247 1826 1364 1867 Maria,

942 1873 1076 1914 Semper
1097 1873 1176 1905 mihi
1201 1874 1374 1916 peccatori,

942 1922 1099 1962 Quamdiu
1123 1930 1192 1954 sum
1215 1922 1249 1953 in
1274 1922 1335 1953 hac
1361 1923 1422 1963 via,

940 1969 986 2001 Et
1009 1970 1051 2002 da
1073 1969 1203 2001 'tandem
1229 1969 1310 2001 bene
1334 1971 1426 2003 mori.

939 2055 1028 2087 Mori
1052 2054 1105 2088 fac
1129 2056 1266 2088 animam
1290 2065 1403 2100 meam,

941 2103 1059 2145 Maria,
1085 2106 1188 2135 morte
1211 2105 1378 2147 iustorum,

942 2151 990 2184 Ut
1014 2152 1123 2185 vivere
1147 2161 1208 2192 per
1231 2156 1265 2186 te
1289 2161 1403 2194 queam

940 2200 979 2233 In
1004 2201 1134 2242 regione
1160 2200 1313 2236 vivorum.

235 2295 315 2323 Orat.
343 2303 397 2322 ms.
425 2294 660 2322 Caelestinorum
688 2301 764 2321 saec.
793 2292 836 2322 15.
887 2294 956 2323 Cod.
983 2296 1109 2323 Parisin.
1134 2292 1263 2331 (Arsen)
1287 2293 1354 2323 419.
1376 2295 1411 2323 A.
1439 2311 1475 2315 —

154 2334 236 2363 Orat.
265 2342 317 2361 ms.
349 2332 583 2361 Caelestinorum
613 2340 689 2361 saec.
719 2330 763 2360 15.
809 2332 878 2361 Cod.
907 2334 1016 2362 Meten.
1045 2331 1109 2362 571.
1133 2334 1167 2362 B.
1192 2350 1227 2354 —
1256 2331 1288 2367 8,
1310 2331 1328 2361 3
1347 2334 1475 2361 Mariam

154 2372 278 2409 diligam
297 2372 333 2400 A.
354 2387 391 2391 —-
411 2370 457 2406 22,
478 2370 496 2400 3
516 2380 638 2409 pergam
658 2372 693 2399 A.
