1651 2700
694 119 954 155 —219—

177 210 234 245 14.
260 211 311 243 Tu
335 221 369 244 es
393 214 507 247 mundi
529 215 730 258 imperatriX,
947 217 1013 251 Sed
1036 216 1174 256 benigna
1199 216 1327 260 perfice,

310 259 410 301 Virgo
434 264 485 294 ter
510 262 614 306 beata,
995 265 1042 298 Ut
1065 264 1211 296 caelestis
1236 265 1288 297 via

262 306 459 341 Miserorum
484 311 691 353 consolatrix,
948 312 1110 345 Perducat
1132 309 1267 351 pacifice

306 356 428 388 Parens
462 357 601 400 illibata,
995 360 1049 392 Ad
1074 359 1257 393 aeternalia.

261 402 312 434 Tu
335 411 502 436 caecorum
528 415 606 438 vera
632 405 770 448 ductrix,

308 450 355 482 Es
382 451 520 484 candore
545 456 735 496 purpurata,

261 497 459 531 Clericorum
484 509 607 533 summa
631 502 741 533 nutrix

309 545 347 577 In
372 547 491 579 vestitu
517 548 680 581 deaurata.

867 436 923 469 20.
949 438 997 469 Te
1021 435 1193 474 laudando,
1220 435 1445 476 pulcherrima,

998 479 1117 528 [Haec]
1143 482 1203 514 tibi
1230 483 1409 524 compilavi,

948 532 1046 571 Virgo
1071 530 1296 570 sacratissima,

995 578 1100 610 Dictis
1128 577 1296 610 sublimavi

178 620 233 655 15.
260 620 410 664 Laetare,
436 624 638 655 sanctissima
948 626 1005 666 Te,
1032 625 1306 666 excellentissima,

306 668 462 702 Genetrix
484 670 603 712 Maria,
994 673 1121 705 Pluries
1146 673 1285 713 exoravi,

261 716 405 757 Corpore
434 719 623 760 castissima,
949 720 1033 752 Nam
1058 721 1153 753 sorde
1177 721 1365 760 gravissima

308 765 418 809 Virgo,
445 775 563 806 parens
588 767 651 810 pia,
995 768 1052 800 Me
1074 776 1158 799 nunc
1182 768 1322 800 oneravi.

259 811 337 854 Nos,
365 813 455 853 virgo
480 814 663 854 purissima,

307 860 404 894 Solve
429 870 449 893 a
472 862 612 905 miseria,

258 908 329 940 Tua
352 909 406 940 lex
434 909 613 941 clarissima

305 956 373 989 Nos
399 957 484 988 locet
508 957 542 988 in
567 956 684 998 patria.

866 843 922 877 21.
949 844 1082 876 Premor
1106 843 1195 884 gravi
1219 844 1355 886 sarcina,

995 892 1084 924 Mole
1107 893 1322 931 peccatorum,

948 939 1046 980 Ergo,
1071 941 1175 970 mater
1199 939 1321 979 intima,

994 986 1051 1018 Me
1075 986 1194 1018 munda
1217 995 1369 1027 meorum,

175 1031 230 1064 16.
260 1032 339 1065 Cum
366 1033 410 1064 sis
435 1034 652 1073 aeternaliter,
947 1033 998 1065 Ne
1022 1034 1120 1066 ducar
1146 1034 1188 1065 ad
1212 1033 1321 1066 infima

305 1080 372 1113 Ubi
396 1083 431 1112 tu
458 1081 649 1121 congaudes,
996 1080 1082 1113 Loca
1109 1082 1362 1120 mergendorum‚

258 1127 398 1159 Nostras
423 1129 497 1160 dele
519 1129 637 1169 iugiter
950 1127 1118 1169 succurre,
1144 1128 1326 1168 gratissima

308 1175 517 1208 Peccatorum
544 1175 685 1218 fraudes,
998 1176 1078 1216 Spes
1104 1175 1354 1216 desperatorum.

258 1223 306 1256 Ut
330 1226 463 1256 ovantes
490 1224 629 1256 dulciter

307 1271 520 1304 Personemus
545 1272 667 1311 laudes,
869 1252 923 1284 22.
950 1252 1040 1284 Pelle
1063 1262 1083 1284 a
1105 1261 1157 1283 me
1180 1252 1335 1292 plurimas

997 1300 1221 1341 Cogitationes,

950 1347 1123 1380 Daemonis
1148 1347 1350 1379 taeterrimas

997 1395 1046 1427 Tu
1068 1394 1243 1439 illusiones,

264 1347 570 1356 ......

177 1444 233 1477 17.
260 1443 331 1484 Ego
356 1443 455 1475 miser
480 1442 629 1482 famulus,
948 1442 1000 1475 Da
1022 1442 1102 1475 mihi
1126 1443 1350 1475 mundissimas

307 1491 417 1532 Virgo,
443 1495 476 1523 te
499 1491 647 1533 implorO,
996 1491 1090 1523 Vitae
1114 1491 1279 1530 passiones

262 1536 427 1583 [Obsecro]
445 1539 621 1581 humiliter,
947 1537 992 1570 Et
1016 1541 1091 1578 post
1114 1538 1176 1569 hoc
1200 1538 1405 1579 gravissimas

305 1588 345 1620 In
371 1587 467 1620 dictis
487 1587 621 1630 honoro,
997 1586 1300 1625 Contemplationes.

260 1634 376 1678 Corde,
402 1644 481 1667 voce
504 1634 641 1667 firmiter

307 1683 463 1716 Precibus
487 1683 635 1723 imploro,

259 1732 377 1772 Iungas
401 1740 453 1763 me
478 1730 618 1763 feliciter

305 1780 344 1813 In
369 1779 501 1812 caelesti
521 1779 629 1811 choro.

868 1662 923 1695 23.
950 1662 1033 1695 Nam
1059 1670 1116 1702 ego
1143 1661 1261 1693 cotidie

995 1710 1104 1751 Virgo,
1129 1711 1171 1750 te,
1198 1709 1335 1754 turbavi,

947 1758 1032 1791 Dum
1058 1766 1138 1798 opus
1163 1757 1333 1798 superbiae

995 1807 1116 1847 Sponte
1141 1806 1328 1845 perpetravi

176 1857 232 1891 18.
258 1856 324 1890 Ubi
348 1857 405 1889 lux
429 1856 577 1897 angelica
947 1855 992 1887 Et
1015 1853 1119 1887 scelus
1144 1853 1288 1886 invidiae

302 1903 456 1945 Refulget
481 1904 665 1944 splendore,
995 1902 1098 1935 Miser
1123 1901 1270 1942 cogitavi,

255 1954 341 1986 Tuta
365 1953 455 1994 quies
478 1947 626 1997 [caelica]
947 1950 995 1984 Ob
1020 1951 1091 1991 hoc,
1117 1952 1220 1981 mater
1243 1949 1376 1991 gratiae,

303 2000 445 2042 Fragrat
465 2009 523 2033 suo
548 2007 647 2039 more,
994 1999 1042 2031 Te
1065 1997 1200 2030 multum
1226 1998 1353 2038 expavi,

254 2050 322 2085 Ubi
344 2050 417 2082 laus
443 2048 603 2081 dominica

303 2098 505 2131 Decantatur
529 2105 595 2137 ore,

255 2146 366 2180 Mater
385 2145 448 2179 Dei
472 2144 577 2184 unica,

302 2194 371 2227 Fac
395 2195 458 2227 hoc
483 2202 554 2225 cum
581 2193 707 2225 decore.

865 2077 921 2109 24.
948 2076 973 2108 O
1000 2075 1089 2116 virgo
1114 2080 1285 2114 puerpera,

995 2124 1063 2156 Mei
1087 2122 1251 2162 miserere,

946 2171 1014 2204 Fac
1038 2180 1121 2203 nova
1145 2179 1184 2203 ac
1207 2174 1319 2203 vetera

994 2219 1132 2251 Peccata
1157 2216 1285 2258 deflere,

170 2272 226 2306 19.
251 2271 308 2304 Me
332 2271 484 2304 miserum
510 2269 646 2311 respice,
947 2267 1035 2307 Quae
1058 2275 1147 2300 mens
1171 2274 1243 2298 mea
1267 2265 1384 2296 misera

302 2319 410 2361 Virgo,
437 2321 541 2351 mater
565 2317 630 2361 pia,
995 2315 1168 2349 Consuevit
1196 2314 1319 2356 docere,

254 2367 324 2401 Nec
347 2368 534 2408 precantem
561 2364 702 2407 despice,
946 2362 1044 2405 Virgo
1070 2360 1248 2401 salutifera,

301 2416 328 2450 O
353 2418 466 2451 sancta
489 2414 610 2455 Maria,
992 2410 1143 2453 Digneris
1170 2409 1289 2443 delere.
