1651 2700
146 219 202 252 71.

141 633 196 665 72.

140 1044 195 1077 73.

142 1456 197 1489 74.

142 1870 197 1902 75.

134 2285 189 2320 76.

226 219 310 259 Quid
337 220 478 254 dicemus

274 266 393 301 defecti
416 269 539 302 viribus

221 315 269 348 Et
293 318 468 358 compressi

274 363 401 396 delictis
427 365 603 406 gravibus?

226 411 259 444 Si
284 421 337 444 res
362 421 470 446 omnes

271 463 423 493 resonent
446 462 587 503 vocibus,

224 508 302 541 Tuis
327 508 433 541 victae

663 128 897 164 -73-

829 447 882 479 77.

273 557 480 589 succumbent
503 557 662 590 laudibus.

222 631 355 665 Laudes
380 636 455 666 tuae

273 684 431 713 momenta
455 682 606 722 temporis

223 727 267 760 Et
295 737 408 761 arenas

273 776 431 808 excedunt
459 777 615 820 aequoris,

223 823 397 856 Renovatis

271 872 313 903 da
336 872 422 903 vires
449 872 591 912 corporis

224 918 356 951 Sensum
381 919 510 951 mittens

270 967 305 999 in
329 975 436 999 arcam
459 967 610 1007 pectoris,

221 1044 344 1076 Bonum
368 1044 460 1076 nobis

272 1090 383 1124 confer
406 1092 592 1133 ingenitum,

222 1139 268 1172 Ut
292 1139 459 1183 possimus,

270 1187 370 1230 virgo,
396 1196 469 1227 spes
495 1188 643 1229 omnium,

222 1235 269 1267 Te
293 1235 427 1267 laudare

270 1286 422 1323 tuumque
444 1282 545 1316 filium

221 1330 266 1363 Et
289 1330 409 1363 habere

272 1378 352 1411 caeli
378 1380 581 1413 consortium.

224 1456 431 1488 Peccatorum

267 1512 325 1535 nos
349 1510 438 1544 terge
463 1505 597 1545 macula,

221 1551 340 1583 Nostra
363 1560 460 1592 prece

266 1602 431 1631 tonantem
456 1600 578 1641 sedula,

222 1647 267 1680 Ut
290 1656 348 1679 nos
373 1657 431 1680 sua

269 1698 451 1728 sustentans
476 1694 581 1728 ferula

221 1743 313 1777 Vitae
340 1744 437 1776 donet

271 1792 418 1824 caelestis
443 1792 572 1832 pabula.

223 1868 377 1901 Nostrum
403 1869 499 1901 decus

270 1919 302 1948 et
323 1919 469 1949 nostrum
493 1917 653 1958 gaudium,

220 1964 319 2006 Virgo
344 1974 445 2006 sacra,

272 2013 420 2046 candoris
443 2013 556 2054 lilium,

218 2061 305 2094 Rosa
330 2070 467 2095 vernans

267 2112 299 2142 et
322 2113 436 2150 potens
462 2110 611 2151 omnium,

218 2157 334 2191 Sedem
360 2158 444 2192 dona

263 2206 355 2239 nobis
379 2207 572 2240 caelestium.

215 2284 287 2318 Eva
316 2284 407 2317 dedit

263 2342 392 2374 pomum
416 2332 626 2377 mortiferum,

212 2382 265 2415 Ex
289 2391 351 2424 quo
375 2383 512 2416 mundus

261 2440 296 2465 se
320 2431 421 2465 sensit
443 2432 604 2475 miserum,

829 856 883 889 78.

824 1266 878 1299 79.

820 1678 876 1711 80.

820 2091 875 2125 81.

908 226 1074 267 Superasti

956 273 1110 306 factorem
1135 273 1301 314 scelerum,

909 323 1062 355 Fructum
1086 321 1172 353 vitae

957 370 1035 403 dans
1060 367 1270 402 salutiferum.

910 446 992 485 Quid
1017 446 1139 479 valeret

955 496 1065 526 nostra
1089 491 1256 533 fragilitas,

908 542 1006 581 Quam
1033 541 1160 580 decepit

955 589 1063 621 hostis
1081 588 1237 631 caliditas,

908 636 979 669 Nisi
1004 638 1088 669 esset

955 687 1011 716 tua
1032 683 1204 724 humilitas,

907 731 945 763 In
971 741 1034 773 qua
1055 732 1191 771 sumpsit

956 788 1084 812 carnem
1111 777 1288 811 divinitas?

909 855 1004 895 Ecce,
1030 855 1199 896 pulchrum

952 903 1071 935 bellum
1097 902 1305 942 componitur,

906 950 995 982 Inter
1019 950 1118 983 Satan

954 1001 986 1030 et
1009 1001 1041 1030 te
1063 996 1252 1037 confligitur,

906 1045 969 1078 Sed
995 1046 1139 1086 captivus

951 1093 1008 1125 ille
1033 1092 1240 1133 convincitur,

903 1140 948 1174 Et
971 1150 1047 1181 pars
1072 1143 1128 1172 tua

953 1189 1068 1222 victrix
1093 1186 1240 1223 efficitur.

904 1265 1029 1299 Victrix
1049 1264 1182 1306 gaudes,

952 1316 985 1345 et
1008 1314 1111 1346 victus
1134 1313 1247 1356 ululat,

903 1362 1005 1394 Dolor
1030 1361 1096 1393 eius

950 1409 984 1441 in
1011 1409 1078 1441 dies
1103 1408 1251 1451 pullulat,

903 1457 984 1489 Inde
1010 1457 1131 1489 caelum

951 1505 1111 1537 exsultans
1136 1504 1259 1545 iubilat,

902 1552 1053 1585 Plausum
1076 1561 1153 1584 vero

948 1601 1086 1633 mundus
1111 1600 1303 1633 adcumulat.

902 1678 1003 1711 Evam
1028 1686 1164 1719 nequam

949 1726 1050 1758 hostis
1076 1726 1250 1769 admonuit,

902 1774 997 1807 Unde
1021 1783 1119 1815 genus

948 1823 1120 1855 humanum
1146 1822 1257 1863 doluit,

902 1870 1009 1903 Adam
1032 1871 1130 1903 miser

947 1918 982 1951 in
1006 1919 1134 1959 culpam
1160 1918 1288 1961 corruit,

902 1966 987 1998 Dum
1011 1968 1219 2008 praeceptum

948 2024 1079 2049 servare
1102 2014 1215 2048 noluit.

901 2092 947 2125 Ut
970 2101 1030 2133 per
1053 2092 1157 2125 Evam

948 2144 1060 2174 nostra
1083 2140 1234 2182 perditio,

901 2187 954 2222 Sic
975 2198 1035 2230 per
1056 2192 1088 2222 te
1111 2187 1150 2221 fit

947 2240 1059 2271 nostra
1081 2237 1271 2279 redemptio,

900 2286 946 2319 Ut
969 2295 1028 2328 per
1052 2286 1159 2319 Adam

945 2335 1058 2367 mortis
1083 2333 1196 2373 illatio,

900 2382 954 2416 Sic
977 2392 1036 2424 per
1059 2381 1219 2417 Christum

945 2430 983 2465 fit
1006 2429 1209 2465 restauratio.
