1651 2700
603 229 643 262 17.
674 231 717 263 De
733 231 829 264 beata
847 231 949 264 Maria
967 232 1004 264 V.

164 307 193 340 1.
219 304 302 352 Ave,
330 310 436 350 magni
461 311 562 350 patris
587 312 660 352 agni

268 357 389 389 Parens
415 357 650 399 benignissima,

220 403 285 435 Per
291 413 384 444 quam
392 405 495 449 cessit,
500 415 580 446 quae
586 409 773 450 nospressit,

267 451 357 484 Mors
382 451 502 484 inferni
526 455 673 493 pessima.

160 528 191 559 2.
218 524 291 560 Vae
314 529 456 572 mutasti,
482 539 553 562 nam
581 529 698 572 fugasti

265 576 353 609 Evae
377 578 623 618 matrimonium,

217 623 300 655 Dum
327 625 464 664 portasti
490 627 522 656 et
545 626 672 658 lactasti

267 671 387 704 Summi
411 673 514 712 patris
538 672 649 706 filium.

157 749 189 780 3.
215 744 398 782 Emendare
421 758 473 780 me
498 750 630 789 dignare

263 796 365 828 Tuum
390 805 450 837 per
475 797 638 837 auxilium,

214 844 300 883 Quae
327 853 396 876 cum
421 845 521 885 mag-Is
547 844 625 886 ipsis
649 845 747 885 magis

263 891 365 924 Tuum
391 900 463 924 oras
487 891 597 926 filium.

158 969 191 1000 4.
217 964 325 1001 Mente
349 978 451 1009 prona
476 972 520 1009 tu,
546 971 701 1009 matrona,

265 1017 500 1057 Repraesentas
525 1016 625 1049 filium

217 1063 310 1096 Ulnis
337 1064 432 1105 senis,
459 1065 548 1105 virgo
573 1065 665 1106 lenis,

264 1113 302 1144 In
326 1112 439 1153 templi
463 1113 647 1146 sacrarium.

158 1189 190 1221 5.
216 1185 382 1222 Adiuvare
406 1198 456 1220 me
482 1189 614 1229 dig-nare

264 1236 357 1268 Nunc
382 1238 415 1269 in
440 1237 501 1268 hoc
527 1237 722 1280 corpusculo,

217 1283 325 1315 Mater
351 1284 479 1324 Christi,
505 1293 596 1325 quem
622 1285 731 1317 vidisti

260 1331 414 1364 Adfixum
442 1332 596 1372 patibulo.

156 1408 186 1441 6.
214 1404 411 1448 Reginarum
435 1407 493 1440 flos
520 1411 713 1449 cunctarum,

262 1455 360 1488 Vides
385 1458 504 1494 natum,
528 1455 605 1498 filia,

214 1502 445 1544 Resurgentem
470 1512 509 1536 ac
530 1508 713 1545 pergentem

260 1552 313 1583 Ad
344 1551 425 1584 caeli
449 1552 580 1593 palatia.

152 1629 182 1660 7.
211 1625 307 1661 Illum
335 1637 409 1662 vere
433 1638 491 1662 nos
517 1629 628 1662 videre

261 1676 325 1708 Per
346 1682 379 1709 te
403 1675 455 1708 fac
479 1677 511 1708 in
537 1677 676 1718 aethera,

212 1724 271 1764 Qui
295 1734 353 1757 nos
379 1724 458 1757 lavit
484 1729 513 1756 et
539 1726 665 1757 sanavit

259 1773 322 1805 Per
347 1773 496 1805 tormenti
522 1774 663 1805 vulnera.

149 1849 180 1881 8.
208 1847 411 1886 Adiutorem‚
439 1850 686 1892 redemptorem,

257 1898 321 1931 Ora
345 1901 453 1930 natum
477 1898 620 1930 inclitum

209 1945 266 1977 Me
289 1946 438 1979 mundari
464 1949 496 1977 et
517 1947 635 1978 salvari

257 1993 353 2025 Suum
383 2002 442 2035 per
466 1995 666 2033 paraclitum.

150 2072 181 2104 9.
210 2067 372 2105 Generosa
398 2069 522 2112 fulgens
548 2080 631 2112 rosa,

254 2119 366 2160 Terge,
394 2128 520 2159 quaeso,
546 2119 668 2161 vitium,

206 2167 256 2199 Ne
283 2168 463 2200 districtum
492 2176 552 2207 per
579 2168 728 2200 delictum

251 2215 393 2249 Sentiam
423 2216 588 2249 iudicium.

131 2294 186 2327 10.
201 2291 292 2328 Rosa
312 2292 435 2338 florum,
463 2292 535 2326 fons
562 2294 735 2336 hortorum,

248 2342 334 2375 Hinc
362 2343 401 2375 de
426 2343 530 2374 earnis
557 2343 674 2375 cellula

199 2391 335 2423 Praeter
357 2400 490 2432 aequum
517 2389 568 2423 fac
584 2395 619 2423 ut
637 2400 757 2424 mecum

247 2440 348 2473 Nulla
370 2445 486 2482 pergat
509 2441 643 2476 macula.

847 313 901 346 11.
926 311 1023 347 Alma
1046 312 1108 345 Dei
1129 314 1241 352 mater,
1267 313 1329 344 mei

974 362 1024 394 Ita
1049 369 1155 393 curam
1180 360 1307 403 habeas,

928 410 971 442 Ut
985 411 1057 449 post
1068 410 1200 440 mortem
1214 416 1264 439 me
1278 411 1452 440 consortem

973 457 1143 489 Beatorum
1172 454 1281 488 facias.

844 533 899 565 12.
928 530 1099 572 castitatis,
1125 531 1254 571 pietatis

975 580 1170 619 Vir-tutisque
1193 579 1305 617 lilium,

925 627 1109 667 Tribulatis,
1135 626 1332 667 naufragatis

974 675 1090 708 Confer
1113 675 1315 707 adiutorium.

846 751 898 783 13.
927 749 940 785 Ι
945 755 1107 784 ncreatum
1131 754 1217 783 tuum
1243 753 1350 783 natum

970 799 1038 832 Tuo
1062 808 1146 831 nunc
1169 798 1352 839 precamine

925 846 992 878 Fac
1016 848 1186 887 placatum,
1212 855 1253 878 ne
1277 847 1392 877 iratum

972 894 1107 927 Cernam
1131 894 1164 925 in
1191 894 1344 926 examine.

844 970 899 1002 14.
925 968 1127 1004 Adiutricem
1153 973 1186 1002 te
1211 969 1336 1001 felicem

973 1018 1067 1050 Nunc
1090 1017 1208 1050 habere
1232 1026 1366 1058 merear,

927 1066 1004 1099 Cum
1032 1066 1188 1099 damnatis
1213 1074 1271 1105 pro
1297 1065 1437 1105 peccatis

970 1114 1020 1146 Ne
1045 1124 1064 1147 a
1088 1113 1153 1145 vita
1179 1113 1297 1145 delear.

846 1191 900 1225 15.
927 1188 1030 1224 Plena
1052 1190 1144 1223 bonis
1169 1193 1264 1230 atque
1290 1189 1391 1229 donis,

971 1239 1116 1271 Vernans
1140 1238 1224 1269 inter
1247 1237 1326 1277 lilia,

927 1286 1170 1326 contemplaris
1197 1285 1390 1325 amplexaris

973 1334 1209 1367 Gubernantem
1234 1333 1348 1365 omnia.

843 1411 896 1445 16.
921 1407 1038 1451 Legem
1066 1410 1153 1453 doce,
1179 1419 1239 1450 per
1263 1419 1354 1450 quam
1377 1419 1454 1442 voce

967 1458 1176 1497 Moribusque
1199 1466 1375 1498 prosequar

920 1506 1022 1538 Tuam
1034 1506 1173 1544 laudem,
1192 1504 1245 1537 fac
1262 1508 1293 1536 et
1306 1505 1450 1537 fraudem

967 1554 1100 1594 Semper
1123 1553 1224 1585 hostis
1249 1562 1432 1593 persequar.

839 1631 892 1664 17.
919 1627 992 1671 Eia,
1025 1631 1120 1663 decus
1146 1630 1265 1669 mundi,
1293 1639 1404 1662 caecus

965 1679 1030 1711 Per
1055 1688 1149 1720 quam
1173 1679 1280 1710 lumen
1305 1678 1430 1720 recipit,

917 1726 994 1768 Fae,
1022 1728 1081 1759 sim
1106 1736 1205 1767 purus
1232 1735 1270 1759 ac
1294 1735 1427 1758 securus

963 1775 1016 1807 Ab
1040 1776 1142 1816 hoste,
1169 1775 1221 1815 qui
1250 1775 1379 1816 decipit.

835 1853 889 1886 18.
917 1849 966 1886 Ne
990 1853 1144 1885 malorum
1170 1852 1220 1884 vel
1246 1861 1372 1884 reorum

965 1900 1147 1933 Tormentis
1173 1899 1307 1940 afficiar,

915 1949 980 1981 Per
1001 1952 1034 1980 te
1058 1948 1144 1989 piam
1170 1957 1254 1980 nunc
1277 1948 1320 1981 ad
1346 1949 1427 1980 viam

964 1996 1115 2029 Veritatis
1141 1997 1256 2037 erigar.

832 2075 887 2107 19.
915 2072 964 2108 Ac
988 2075 1023 2106 in
1047 2084 1139 2108 usum
1163 2075 1250 2106 vitae
1275 2073 1379 2106 fusum

963 2123 1026 2155 Per
1052 2131 1195 2156 cruorem
1220 2123 1353 2156 Domini

912 2171 968 2203 Me
994 2170 1166 2211 conforma,
1194 2171 1279 2203 vitae
1304 2169 1416 2210 forma,

961 2219 1063 2259 Vitae,
1089 2227 1213 2261 precor,
1241 2219 1357 2251 ordini.

832 2297 887 2330 20.
914 2294 976 2331 Dei
1000 2305 1118 2338 parens
1143 2297 1240 2329 sorde
1265 2304 1386 2336 carens,

960 2346 1054 2385 Mihi,
1084 2354 1158 2377 rosa
1182 2344 1349 2387 virginum,

916 2394 966 2427 Sis
992 2395 1094 2426 tutela
1122 2395 1232 2425 contra
1256 2392 1321 2424 tela

962 2443 1128 2476 Venenosa
1153 2441 1348 2475 daemonum.
