1651 2700
153 225 199 255 15.

153 397 199 428 16.

156 607 201 637 17.

153 779 197 809 18.

154 949 199 981 19.

153 1159 199 1190 20.

154 1332 200 1363 21.

156 1503 204 1533 22.

152 1665 198 1696 23,

147 1991 194 2021 25.

148 2156 195 2186 26.

146 2320 192 2351 27.

675 134 931 170 -189â€”

219 227 278 255 Sed
298 229 385 256 nobis
404 237 498 264 ponas
519 230 563 257 sic
581 230 689 265 vivere,

216 266 344 294 Multum
365 269 464 295 tamen
484 267 557 295 facit
575 276 629 296 nos
646 270 771 296 tremere

216 304 307 339 Mors,
320 314 408 341 quam
420 305 519 333 nullus
529 308 627 341 potest
637 307 771 344 effugere,

219 341 278 370 Sed
299 345 382 371 tuum
401 344 488 371 nobis
510 347 556 371 est
575 345 739 373 consulere.

219 400 282 427 Nos
296 400 434 428 timentes
447 400 549 428 horam
570 402 771 435 novissimam,

217 438 331 466 Horam
357 439 461 467 mortis
483 441 512 466 et
531 439 609 467 diem
627 439 770 475 ultimam,

219 476 298 510 Quia
317 476 431 504 laesam
451 476 594 506 habemus
614 479 752 510 animam,

219 513 277 542 Sed
298 514 336 542 da
353 516 441 543 nobis

256 555 328 580 tunc
348 561 430 589 spem
449 553 657 581 firmissimam.

222 609 280 637 1110
301 609 349 637 die
370 612 471 638 tantus
492 611 658 639 servabitur

219 648 321 683 Rigor,
336 648 415 684 quod
427 649 479 676 vix
492 650 587 676 iustus
598 649 770 683 salvabitur,

217 686 312 713 Nemo
318 688 451 723 reus,qui
455 695 517 715 non
521 687 772 721 condemnabitur,

223 723 266 751 Et
285 725 392 761 cuique
411 726 457 753 ius
478 733 563 753 suum
583 725 709 753 dabitur.

221 781 333 809 Auctor
352 783 433 810 vitae
454 790 507 810 nos
528 783 605 809 mori
623 781 721 809 noluit

218 818 261 847 Et
279 828 332 856 pro
353 821 439 848 nobis
459 822 582 848 mortem
602 820 744 847 sustinuit

218 857 260 885 Et
275 859 307 885 in
326 861 419 885 morte
440 859 525 894 pavit
545 860 574 885 et
592 858 700 891 timuit,

220 895 314 923 Cuius
333 897 422 924 timor
441 905 497 923 nos
518 896 643 923 multum
658 895 772 923 terruit.

222 953 317 981 Beata
337 962 377 987 es,
397 953 482 989 virgo
504 960 656 989 puerpera,

219 991 295 1020 Nam
319 992 370 1026 qui
391 991 473 1019 sedet
492 993 525 1019 in
537 992 630 1026 patris
644 990 772 1026 dextera,

221 1028 351 1063 Caelum,
373 1027 558 1066 terram(que)

258 1075 362 1104 regens
384 1070 413 1095 et
433 1069 537 1100 cetera,

219 1105 304 1133 Intra
321 1107 375 1132 tua
393 1114 426 1133 se
445 1105 554 1133 clausit
571 1106 696 1133 viscera.

219 1162 407 1198 Imperatrix,
429 1163 511 1190 cuius
531 1162 654 1198 imperio

220 1200 298 1228 Tota
318 1201 427 1236 gaudet
447 1201 583 1228 caelestis
604 1201 711 1234 contio,

221 1239 317 1266 Tanta
338 1238 403 1266 laus
425 1241 471 1266 est
489 1238 545 1266 tibi
564 1239 596 1266 in
615 1237 687 1272 filio,

223 1277 308 1311 Quod
328 1276 456 1304 humana
475 1286 536 1304 non
556 1278 637 1313 capit
655 1278 740 1305 ratio.

220 1333 381 1362 Benedicta
402 1342 441 1368 es,
462 1334 649 1368 venerabiliS,

222 1372 287 1406 Pia,
308 1372 436 1409 prudens
458 1375 488 1400 et
505 1375 569 1400 tota
588 1372 706 1406 nobilis,

222 1411 380 1439 Universis
399 1411 651 1447 incomparabilis,

221 1449 290 1477 Tibi
310 1456 461 1484 nunquam
481 1449 539 1476 fuit
558 1449 730 1477 consimilis.

225 1506 250 1533 O
271 1513 360 1540 quam
379 1504 504 1542 pulchra
522 1506 624 1541 puella
641 1504 773 1541 parvula,

222 1543 315 1577 Quam
339 1544 448 1577 suavis,
471 1551 557 1580 quam
572 1545 637 1572 sine
649 1544 775 1578 macula,

221 1580 279 1609 Sed
287 1589 375 1618 quam
382 1583 487 1618 potens
494 1590 599 1618 regnas
608 1584 638 1610 in
647 1582 773 1615 saecula,

220 1620 288 1648 Tua
311 1621 386 1648 satis
403 1620 533 1657 probant
549 1620 702 1648 miracula.

218 1668 265 1695 Tu
291 1676 330 1701 es,
351 1669 446 1704 virgo,
469 1669 574 1696 ceteris
594 1669 704 1704 purior,

222 1706 397 1743 Virginibus
419 1715 450 1734 es
469 1706 563 1742 gradu
583 1707 709 1743 dignior,

219 1743 316 1781 Super
342 1753 442 1773 omnes
463 1746 585 1781 aspectu
604 1745 756 1781 pulchrior

216 1782 258 1810 Et
272 1783 305 1810 in
320 1784 430 1811 sanctis
445 1786 512 1819 post
525 1783 621 1811 Deum
636 1786 774 1811 sanctior.

216 1830 275 1858 Pia
292 1831 395 1865 mater,
419 1839 472 1866 per
490 1834 572 1858 tuam
592 1832 720 1866 gratiam

218 1869 392 1897 Revertitur
412 1869 494 1897 exsul
509 1870 542 1896 in
561 1870 697 1905 patriam,

219 1907 398 1935 Peccatores
417 1908 567 1935 merentur
585 1908 703 1935 veniam

219 1945 321 1982 Atque
341 1946 437 1973 sancti
457 1945 610 1982 possident
628 1945 763 1981 gloriam.

215 1993 331 2022 Nomen
357 1995 443 2021 tuum
463 1993 589 2021 daemon
608 1994 739 2028 reticeat,

213 2031 282 2059 Tua
299 2033 395 2060 virtus
417 2040 488 2059 vero
510 2032 677 2067 subveniat,

214 2070 296 2098 Tuus
318 2070 389 2098 odor
412 2073 531 2099 sanctos
551 2071 688 2106 inebriat,

214 2109 341 2138 Fructus
361 2117 436 2138 vero
458 2109 560 2137 beatos
580 2109 680 2137 faciat.

216 2157 300 2185 Fons
321 2156 481 2192 hortorum,
502 2165 646 2193 aquarum
658 2160 773 2194 puteus,

214 2196 279 2223 Via
296 2196 381 2230 lucis,
403 2196 541 2233 splendor
561 2196 722 2231 aethereus,

215 2235 278 2263 Dei
298 2234 383 2263 sedes
403 2236 433 2263 et
450 2234 574 2263 thronus
595 2244 712 2270 aureus,

213 2273 257 2301 Te
281 2276 444 2301 conventus
464 2272 568 2301 laudat
587 2273 749 2303 aethereus.

218 2321 301 2350 Cella
323 2321 458 2358 fragrans
478 2330 592 2350 morum
609 2321 774 2357 dulcedine,

214 2361 304 2389 Omni
328 2368 430 2389 carens
452 2360 658 2394 amaritudine,

211 2399 283 2427 Veri
301 2398 374 2428 solis
396 2399 505 2427 amicta
524 2398 644 2433 lumine,

209 2438 280 2468 Tibi
305 2446 406 2467 omnes
427 2438 614 2475 congaudent
632 2438 768 2468 feminae.

841 228 887 258 28.

839 437 888 467 29.

837 607 884 638 30.

840 778 886 808 31.

841 940 887 970 32.

841 1102 887 1132 33.

909 230 933 258 O
955 238 1042 265 quam
1063 230 1142 263 felix,

944 276 1020 304 quae
1039 266 1146 296 mundo
1167 276 1238 303 prae
1255 268 1342 301 sides,

906 306 1049 334 Mundum
1068 306 1146 343 regis
1167 308 1197 333 et
1212 305 1309 333 caelos
1323 306 1457 341 possides

906 344 948 373 Et
968 353 1034 372 cum
1055 345 1118 372 Deo
1139 345 1242 380 reg-ina
1260 343 1379 377 resides,

907 382 1018 411 Hostes
1038 385 1155 410 nostros
1174 381 1320 418 malignos
1335 382 1459 410 occides.

908 439 954 467 Tu
974 448 1004 467 es
1026 440 1119 467 clavis
1139 446 1267 475 superna
1286 447 1419 467 reserans

904 478 1001 512 Atque
1011 474 1045 514 [1]
1056 478 1128 506 solis
1140 478 1273 505 ardorem
1280 480 1457 512 temperans,

905 515 965 543 Ros
985 516 1112 544 fornacis
1133 517 1231 552 ignem
1249 515 1434 551 refrigerans,

904 553 1053 581 Medicina
1071 555 1195 582 salutem
1217 561 1350 589 operans.

905 610 952 638 Tu
971 611 1054 639 fuisti
1072 610 1168 639 vellus
1188 612 1221 638 in
1242 618 1319 644 area,

906 647 987 676 Arca
1005 649 1088 684 lucis,
1109 650 1198 677 turris
1219 649 1354 682 eburnea,

906 686 954 714 Tu
972 688 1015 714 sis
1033 688 1121 715 nobis
1141 687 1246 715 salutis
1266 687 1360 722 galeaâ·

907 724 1036 753 Granum
1056 734 1162 761 purum
1182 733 1304 753 excussa
1324 724 1417 759 palea.

906 781 952 809 Tu
972 791 1002 810 es
1022 783 1121 811 virens
1142 783 1223 811 oliva
1241 783 1356 816 fertilis,

906 819 952 847 Tu
979 821 1115 849 columba
1134 822 1259 858 simplex
1280 823 1309 848 et
1326 821 1455 854 humilis,

907 858 953 886 Tu
973 860 1109 887 columna
1127 858 1195 887 fidei
1216 859 1341 893 stabilis,

904 897 997 924 Porta
1015 896 1089 925 Sion
1107 898 1355 934 inexpugnabilis.

908 944 962 978 Tu,
983 945 1077 978 beata,
1100 946 1184 973 fuisti
1203 945 1300 973 lilium

906 983 987 1010 Inter
1006 983 1107 1019 spinas
1128 985 1158 1009 et
1176 983 1230 1011 flos
1251 982 1437 1018 convallium,

907 1020 954 1048 Tu
974 1029 1004 1048 es
1025 1022 1127 1057 portus
1140 1023 1262 1056 portans
1277 1021 1457 1057 suffragium,

904 1057 951 1085 'ru
971 1067 1001 1086 es
1021 1059 1080 1086 reis
1101 1067 1214 1093 semper
1234 1059 1402 1086 remedium.

905 1105 1010 1133 Bubus
1031 1106 1145 1140 ardens,
1164 1106 1265 1142 palma
1283 1107 1425 1140 iustitiae,

907 1144 1017 1178 Murra,
1041 1145 1150 1172 nardus

946 1190 1077 1210 summae
1096 1183 1283 1218 fragrantiae,

908 1219 1024 1248 Hortus
1044 1222 1152 1254 virens,
1174 1221 1228 1248 flos
1250 1220 1417 1256 pudicitiae.

906 1258 949 1285 Te
969 1259 1151 1286 circumdant
1170 1260 1245 1287 caeli
1266 1259 1410 1286 delicitae.

843 1302 891 1332 34.
910 1306 953 1334 Ut
972 1305 1098 1334 affirmat
1116 1306 1212 1334 fidelis
1231 1307 1368 1343 populus,

841 1465 886 1495 35.

842 1627 888 1658 ÎžÎ•).

841 1790 887 1821 37.

842 1953 888 1984 38.

840 2118 887 2148 39.

839 2283 886 2313 40.

909 1343 956 1371 â€˜ru
976 1352 1006 1371 es
1028 1352 1095 1380 ergo
1117 1352 1269 1372 caecorum
1290 1344 1401 1379 oculus,

908 1382 965 1409 Pes
986 1382 1165 1415 claudorum,
1184 1384 1271 1419 virga
1284 1385 1314 1410 et
1325 1383 1457 1415 baculus,

909 1420 1047 1448 Omnium
1069 1423 1237 1448 sanctorum
1257 1429 1287 1448 es
1308 1420 1422 1448 titulus.

905 1468 982 1495 Fons
1004 1469 1146 1505 signatus,
1167 1468 1316 1496 distillans
1336 1468 1432 1496 oleum

907 1506 1031 1534 Pietatis
1053 1508 1082 1533 et
1101 1515 1196 1535 rorem
1215 1506 1361 1540 melleum,

907 1544 987 1571 Para
1007 1544 1093 1572 nobis
1113 1545 1218 1573 salutis
1237 1545 1378 1581 gaudium

907 1582 949 1609 Et
967 1582 1092 1610 emunda
1111 1592 1161 1611 cor
1180 1586 1312 1611 nostrum
1330 1583 1459 1611 felleum.

908 1629 1068 1658 Benedicta
1086 1629 1140 1666 (tu)
1158 1631 1190 1657 in
1211 1630 1391 1664 mulieribus,

910 1669 993 1703 Quae
1013 1669 1049 1696 de
1068 1670 1127 1697 tuis
1149 1670 1237 1697 castis
1258 1669 1430 1704 visceribus,

907 1706 1002 1735 Plena
1022 1715 1137 1743 semper
1157 1707 1241 1735 donis
1263 1708 1449 1742 caelestibus,

908 1746 1054 1781 Peperisti
1074 1754 1175 1781 pacem
1196 1745 1374 1774 hominibus.

908 1794 954 1821 Tu
975 1794 1082 1820 civitas
1103 1795 1224 1830 superni
1243 1794 1382 1829 numinis,

907 1833 955 1860 Tu
974 1832 1095 1859 claritas
1116 1831 1252 1860 caelestis
1271 1832 1402 1866 luminis,

909 1871 956 1898 Tu
981 1870 1110 1906 dignitas
1131 1872 1250 1898 nostrae
1270 1871 1460 1907 compaginis,

910 1909 957 1936 Tu
976 1909 1071 1944 pietas
1093 1917 1225 1936 summae
1245 1908 1417 1937 dulcedinis.

910 1957 966 1983 Per
985 1959 1015 1983 te
1034 1956 1161 1984 mundus
1182 1958 1296 1993 accepit
1315 1966 1445 1994 puerum,

908 1996 966 2023 Per
985 1997 1015 2022 te
1036 1994 1136 2023 sordes
1156 1995 1294 2023 lavantur
1309 1996 1460 2030 scelerum,

908 2035 944 2062 In
959 2035 990 2061 te
1003 2036 1103 2069 sperat
1114 2036 1276 2062 conventus
1289 2043 1460 2072 pauperum,

908 2073 998 2101 Dona
1017 2075 1069 2100 tua
1087 2081 1147 2100 non
1168 2072 1279 2101 habent
1297 2082 1459 2102 numerum.

907 2121 1003 2148 Mater
1022 2121 1114 2157 digna
1131 2121 1254 2157 virginis
1274 2123 1401 2154 nomine,

907 2160 1055 2195 Insignita
1072 2159 1131 2187 Dei
1151 2160 1290 2196 imagine,

907 2199 1056 2226 Decorata
1075 2197 1277 2232 similitudine,

906 2238 950 2265 Te
969 2236 1140 2264 collaudant
1152 2239 1321 2265 sanctorum
1333 2237 1460 2265 animae.

906 2286 952 2313 Tu
964 2293 994 2312 es
1004 2287 1084 2312 terra
1094 2284 1166 2312 dans
1173 2285 1299 2312 fructum
1310 2285 1460 2321 optimum,

906 2321 995 2352 Petra
1004 2322 1128 2351 fundens
1138 2324 1240 2359 potum
1251 2321 1459 2359 largissimum,

906 2362 984 2390 Fons
1008 2361 1174 2389 redundans

942 2401 976 2428 in
994 2401 1104 2428 flumen
1123 2400 1291 2433 maximum,

906 2439 966 2467 Vas
972 2437 1457 2467 reservansmannadulcissimum.
