1651 2700
634 148 669 153 —
721 127 788 163 117
837 147 884 153 -

541 220 591 251 80.
621 220 665 251 De
683 219 781 252 beata
801 219 901 252 Maria
920 219 958 252 V.

114 291 145 324 1.
171 290 209 322 In
234 289 295 322 hac
322 290 374 322 die
398 290 521 330 gratiae

174 339 264 371 Tuae
288 339 321 368 et
347 337 535 370 clementiae

218 385 360 417 Matrem
384 388 418 416 ‘te
443 385 585 425 ostende,

172 434 201 465 A
228 441 291 472 qua
314 431 386 464 fluit
410 434 514 473 pietas

173 481 310 520 Quaevis
336 484 368 512 et
388 480 578 521 benignum,

221 528 334 569 Quam,
359 536 488 569 quaeSO,
513 527 674 567 impende.

115 588 145 619 2.
174 585 303 618 Cunctis
326 587 359 617 te
384 585 561 617 colentibus

176 632 305 665 Cunctis
331 635 364 664 te
388 633 572 672 petentibus

221 680 273 712 Da
298 680 490 721 desiderata,

860 290 906 323 Ob
932 290 993 322 hoc
1017 290 1058 323 ad
1084 292 1116 322 te
1141 290 1271 324 confluit

858 337 1010 378 Mundus,
1038 338 1088 370 cui
1110 336 1215 371 influit

906 385 1032 419 Pietate
1056 389 1148 426 grata

801 444 832 477 3.
859 442 992 475 Bonitas
1021 443 1178 475 mirabilis

862 490 992 523 Cunctis
1018 493 1050 521 et
1073 491 1219 523 amabilis

909 537 980 569 Tua
1003 538 1153 580 gratiosa,

862 584 980 617 Veniat
1004 586 1161 629 celeriter,

861 631 952 664 Dans
975 632 1068 665 nobis
1092 632 1231 665 feliciter

910 680 1031 714 Cuncta
1055 680 1197 713 virtuosa

512 738 544 770 4.
571 736 616 768 Et
640 744 764 767 sursum
793 736 969 768 ascendere

568 784 676 816 Donet
700 785 733 813 et
756 783 901 823 arripere

615 830 703 862 Loca
726 829 875 870 gloriosa.

181 898 260 926 Orat.
281 905 335 925 ms.
358 897 470 925 Montis
492 893 520 923 S.
537 895 656 930 Georgii
676 895 771 929 (extra
788 903 887 922 muros
902 895 1117 931 Goslarienses)
1137 906 1207 925 anui
1227 896 1308 926 1464.
1348 898 1417 926 Coci.

102 936 363 970 Gueifenbyteran.
376 935 503 963 Helmst.
518 930 601 962 1391.
615 949 652 953 —
666 934 730 961 Das
742 932 817 960 Lied
831 933 909 961 steht
923 935 998 961 auch
1012 935 1061 962 bei
1070 936 1177 963 Milchs
1183 936 1238 963 ack
1250 936 1275 970 1,
1289 935 1328 964 64
1341 937 1419 965 nach

103 975 308 1002 unbekannter
323 973 428 1007 Quelle
448 973 522 1001 ohne
546 973 653 1000 andere
667 970 918 1007 Abweichungen,
939 980 995 999 nur
1016 972 1080 1001 dass
1096 972 1124 1006 4,
1148 971 1220 1001 1—3
1234 974 1295 1002 ihm
1310 974 1418 1003 fehlen.

558 1072 597 1104 81.
628 1072 673 1104 De
692 1071 789 1103 beata
809 1072 911 1104 Maria
929 1072 965 1104 V.

119 1147 150 1180 1.
177 1146 215 1178 In
240 1148 283 1186 te,
309 1154 369 1185 per
393 1147 436 1185 te,
465 1145 504 1176 de
529 1148 570 1188 tc,
599 1154 636 1176 ex
661 1146 695 1175 te

225 1202 290 1234 pax
314 1194 402 1226 venit
425 1192 617 1233 hominibus,

179 1240 244 1273 Sub
262 1244 305 1281 te,
331 1241 372 1273 ob
390 1242 432 1284 te,
456 1249 537 1281 prae
554 1244 597 1282 te,
616 1248 686 1271 cum
703 1241 736 1270 te

226 1287 283 1321 fax
308 1289 396 1320 lucet
419 1287 611 1328 hominibus,

180 1336 299 1376 Laeve,
328 1337 450 1377 dextre,
477 1338 574 1378 retro,
600 1337 674 1367 ante

226 1393 300 1416 mox
325 1384 475 1416 subvenis
501 1382 695 1425 hominibus,

180 1430 280 1474 Infra,
308 1440 416 1471 supra,
442 1432 517 1471 ima,
544 1439 676 1471 summa,

228 1479 337 1511 media
360 1480 405 1511 sis
430 1478 588 1515 omnibus,

181 1526 300 1567 Prima,
328 1529 421 1559 terna
447 1528 479 1558 et
503 1526 644 1558 secunda

230 1583 357 1615 semper
383 1582 415 1606 es
440 1574 472 1606 in
500 1573 656 1606 omnibuS.

123 1654 155 1685 2.
182 1652 219 1684 In
244 1653 278 1683 te
301 1650 389 1684 Deus
414 1651 508 1683 homo
536 1650 577 1683 de
601 1658 636 1682 sc

231 1702 319 1731 ortus
346 1704 394 1731 est
420 1698 611 1738 hominibus,

183 1747 220 1779 In
246 1749 279 1778 te
304 1746 390 1779 Deus
416 1745 492 1779 fecit
519 1755 589 1778 esse

230 1793 345 1827 foedus
370 1804 439 1827 cum
466 1794 657 1835 hominibus,

180 1843 216 1875 In
243 1845 277 1874 te
299 1842 386 1875 Deus
412 1841 552 1874 fructum
576 1850 680 1874 messe

231 1893 371 1922 maturat
395 1890 587 1922 hominibus

125 1960 156 1991 Β.
184 1958 247 1990 Per
272 1960 306 1988 te
331 1965 458 1989 carnem
484 1957 678 1989 maculosam

231 2004 399 2038 mundavit
423 2005 560 2049 copiose,

184 2053 247 2085 Per
273 2056 305 2084 te
329 2052 425 2085 vitem
451 2060 637 2094 generosam

231 2101 391 2142 plantavit
413 2100 588 2142 fructuose,

185 2149 249 2181 Per
271 2152 305 2180 te
328 2152 463 2181 matrem
488 2157 666 2181 amorosam

232 2197 393 2229 salvemur
418 2197 566 2238 gloriose.

123 2276 156 2309 4.
182 2274 234 2307 De
257 2276 301 2314 te,
326 2276 413 2307 vitae
436 2275 608 2315 medicina,

230 2323 370 2356 resinam
394 2323 484 2356 stilla
509 2323 617 2367 debili,

184 2370 235 2403 De
260 2374 293 2403 te
317 2369 429 2412 fluunt,
456 2381 474 2404 o
497 2371 632 2414 piscina,

232 2419 294 2452 rivi
316 2419 397 2453 dure
420 2418 530 2464 flebili,

864 1144 917 1176 De
938 1147 971 1177 te
996 1146 1082 1178 salus
1108 1156 1127 1178 a
1152 1148 1277 1179 sentina

913 1196 1005 1226 tuens
1032 1195 1147 1226 crescit
1172 1193 1293 1227 famuli.

812 1261 843 1292 5.
868 1259 920 1292 Ex
945 1262 977 1291 te
1003 1261 1118 1293 cedrus
1143 1262 1288 1302 speciosa

916 1309 1015 1340 crevit
1038 1308 1225 1350 pudicitiae,

866 1354 918 1387 Ex
942 1357 975 1387 te
999 1357 1119 1388 nardus
1145 1357 1282 1389 odorosa

914 1402 980 1435 fert
1005 1412 1147 1436 murram
1171 1404 1396 1449 paenitentiae,

866 1450 918 1482 Ex
943 1453 975 1482 te
999 1450 1094 1483 floret
1120 1452 1288 1484 dulcorosa

915 1499 1024 1538 palma
1048 1499 1234 1539 patientiae.

810 1566 842 1598 6.
869 1566 935 1598 Sub
960 1568 994 1597 te
1017 1565 1096 1598 luna
1118 1566 1278 1598 luminosa

915 1614 1024 1645 lucens
1049 1611 1287 1654 splendidiflue,

869 1660 934 1693 Sub
960 1664 993 1693 te
1018 1669 1100 1694 cuna
1124 1663 1304 1702 germinosa

915 1710 1054 1741 lactatur
1078 1707 1240 1751 melliflue,

870 1756 935 1789 Sub
961 1760 994 1789 te
1019 1757 1116 1790 ‘tellus
1142 1758 1315 1790 herbidosa

916 1805 1050 1838 virescit
1073 1804 1235 1840 fluctifiue.

810 1873 842 1903 ’7.
869 1872 917 1905 Ob
942 1875 977 1904 te
999 1873 1122 1913 palmes
1146 1882 1242 1905 verae
1264 1873 1340 1906 vitis

915 1924 1028 1953 nectar
1053 1919 1139 1953 fudit
1162 1922 1294 1962 gratiae,

871 1967 918 2000 Ob
944 1971 977 2000 te
1001 1968 1089 2001 rivus
1114 1967 1212 2002 fontis
1237 1969 1322 2001 mitis

918 2019 1005 2049 caret
1030 2016 1116 2049 omni
1139 2017 1251 2057 glacie,

870 2063 917 2096 Ob
944 2069 976 2096 te
1001 2067 1105 2096 cesset
1129 2065 1244 2097 horror
1267 2065 1334 2097 litis

915 2113 1073 2153 pugnanti
1095 2114 1129 2146 in
1154 2113 1235 2146 acie.

812 2180 843 2212 8.
869 2179 933 2213 Per
957 2181 990 2211 te
1016 2181 1098 2212 caeli
1120 2180 1247 2221 lapsum
1271 2180 1333 2212 zeli

916 2231 1099 2261 restaurare
1122 2230 1282 2268 poterant,

872 2277 936 2310 Per
958 2278 993 2308 te
1019 2277 1099 2309 casti
1123 2279 1252 2317 ruptum
1276 2276 1341 2309 veli

918 2324 1026 2357 nullae
1049 2325 1298 2366 integraverant‚

871 2372 936 2406 Per
959 2375 993 2405 te
1017 2372 1093 2405 fasti
1117 2372 1228 2405 mundi
1251 2371 1315 2403 zeli

919 2421 1040 2455 salvari
1062 2431 1127 2454 non
1151 2420 1330 2455 voluerant.
