1651 2700
705 179 750 185 ——
798 158 871 193 122·
916 177 963 182 —-

194 260 248 293 33.
274 259 324 291 Tu
348 261 478 299 aspectu
503 256 718 298 pulcherrima

281 307 325 339 Et
349 307 464 338 throno
489 305 551 337 Dei
574 304 729 345 proxima,

279 354 407 393 Regnas
427 352 473 385 ibi
497 352 636 384 feliciter

276 401 321 433 Et
345 402 452 433 Iesum
476 408 563 432 amas
589 398 734 430 dulciter.

195 468 250 501 34.
278 467 373 500 Cuius
396 468 552 498 immensa
573 463 701 496 claritas

278 517 385 554 Atque
408 513 524 546 amoris
549 513 690 544 suavitas

277 562 324 594 Te
348 562 452 601 replet
475 569 513 592 ac
537 559 675 590 inebriat

277 609 321 640 Et
346 608 432 640 omni
451 607 535 639 bono
559 606 666 637 satiat.

200 678 254 709 35.
282 673 444 714 Quidquid
466 672 513 703 ibi
537 671 676 703 volueris

277 724 344 754 Aut
369 720 452 761 quod
477 719 614 758 benigne
636 717 778 756 iusseris.

277 769 349 800 Hoc
371 769 515 807 praestat
539 766 720 798 voluntarie

279 816 355 855 Ipse
380 817 492 847 auctor
516 813 710 845 clementiae.

196 882 250 914 36.
276 881 360 913 Nam
382 881 494 913 matris
519 879 561 912 ad
580 880 748 920 imperium

279 928 321 960 Se
345 928 543 969 recognoscit
566 926 666 959 filium

277 976 347 1007 Nec
373 976 530 1014 denegare
553 974 684 1014 poterit,

278 1023 492 1062 Quodcunque
514 1022 732 1061 imperaverit,

197 1090 253 1122 37.
280 1089 375 1122 Cuius
399 1088 551 1127 relinquit
574 1088 697 1127 gratiae

280 1136 447 1175 Sceptrum
471 1144 547 1167 suae
570 1135 744 1175 potentiae,

277 1183 324 1215 Ut
347 1191 466 1224 omnes,
492 1190 569 1222 quos
594 1183 673 1222 vult,
690 1182 806 1214 liberet

278 1230 332 1270 Et,
358 1232 508 1269 quantum
519 1230 597 1271 vult,
616 1232 806 1261 remuneret.

199 1297 253 1330 38.
279 1298 350 1338 Eia,
377 1297 477 1335 virgo,
503 1296 671 1327 considera

284 1343 407 1376 Collata
430 1342 490 1374 tibi
513 1351 653 1380 munera,

281 1390 402 1422 Nostra
426 1390 565 1422 omnium
589 1391 767 1430 redemptio

281 1439 320 1470 In
346 1440 400 1469 tuo
424 1439 489 1469 stat
513 1436 657 1470 arbitrio.

876 255 932 287 39.
959 253 1037 285 Cum
1063 261 1138 293 ergo
1163 253 1223 285 tibi
1248 254 1352 294 gratia

956 300 1030 332 Non
1057 300 1140 332 desit
1165 309 1225 332 nee
1247 300 1400 342 potentia,

958 348 1073 380 Omnes
1099 349 1141 380 ad
1165 350 1198 378 te
1222 346 1420 388 confugimus

954 395 1002 427 Et
1025 403 1118 436 opem
1141 399 1227 427 tuam
1253 397 1444 435 quaerimus.

923 487 930 493 .
957 462 1017 501 Tu,
1043 461 1133 501 virgo
1157 460 1352 502 beatissima,

957 510 1009 541 Tu
1033 509 1172 541 omnium
1196 509 1408 551 sanctissima,

956 556 1138 597 Dignanter
1162 564 1270 588 omnoe
1295 556 1422 596 respice

956 603 1003 636 Et
1027 612 1088 644 ope
1111 607 1168 636 tua
1191 602 1297 636 refice.

925 696 932 703 .
958 670 1009 702 Tu
1037 670 1120 702 votis
1143 670 1262 702 nostris
1287 677 1391 700 annue

958 717 1004 749 Et
1028 717 1120 756 larga
1142 725 1239 748 manu
1263 716 1380 755 tribue,

958 764 1042 797 Nam
1066 764 1127 796 tibi
1152 773 1215 796 non
1241 763 1406 804 minuitur,

960 812 1120 853 Quidquid
1146 811 1239 844 nobis
1264 811 1428 845 tribuitur.

926 906 933 912 .
959 880 1009 912 Tu
1034 877 1180 910 abundas
1206 877 1338 918 divitiis,

959 926 1009 958 Tu
1033 925 1152 958 fmeris
1179 925 1313 968 deliciis,

960 974 1047 1012 Quae
1070 975 1262 1005 vetustatem
1286 972 1434 1004 nesciunt

960 1021 1030 1052 Nec
1055 1020 1280 1052 detrimentum
1304 1020 1456 1054 sentiunt.

928 1113 935 1120 .
960 1087 1101 1126 Propter
1125 1095 1265 1118 amorem
1288 1084 1359 1127 filii,

961 1134 1099 1174 Propter
1125 1134 1221 1166 decus
1243 1134 1381 1173 imperii,

962 1181 1028 1220 Quo
1053 1181 1227 1213 sublimata
1251 1180 1393 1213 crederis

962 1229 1085 1261 Adesto
1110 1228 1203 1261 nobis
1227 1228 1364 1261 miseris.

928 1321 936 1328 .
962 1295 1013 1326 Tu
1036 1297 1148 1327 nostra.
1171 1296 1245 1334 tege
1268 1295 1394 1326 scelera.

960 1342 1045 1374 Nato
1068 1342 1284 1381 praetendens
1308 1342 1420 1383 ubera,

960 1389 1016 1431 Ut,
1041 1398 1111 1421 cum
1133 1389 1232 1421 iudex
1257 1389 1436 1429 advenerit,

961 1436 1003 1468 Se
1027 1436 1127 1469 filium
1152 1437 1344 1471 meminerit.

524 1504 581 1536 45.
606 1504 656 1535 Tu
679 1506 783 1535 mater
806 1505 876 1536 veri
897 1503 1036 1544 luminis,

612 1550 668 1582 Ad
691 1550 820 1583 laudem
843 1551 891 1583 tui
916 1550 1052 1582 nominis

610 1597 678 1629 Fac
701 1607 760 1630 nos
785 1598 895 1630 electis
920 1597 1066 1629 omnibus

613 1644 784 1676 Consortes
808 1646 842 1678 in
866 1644 1066 1677 caelestibus.

259 1718 338 1745 Orat.
357 1727 411 1745 ms.
425 1718 611 1746 Lelminense
630 1720 701 1746 anni
723 1716 804 1746 1518.
841 1718 910 1746 Ood.
933 1718 1101 1746 Berolinen.
1121 1719 1184 1746 1V⁰
1203 1716 1250 1745 29.
1270 1733 1310 1738 —
1330 1717 1357 1752 ἱ),
1378 1716 1397 1744 2
1412 1717 1491 1752 Quid

183 1754 282 1784 Maria
299 1755 482 1792 pulcheriae:
504 1756 542 1783 da
562 1757 638 1783 auch
656 1754 684 1785 3
705 1755 723 1784 :3
743 1756 794 1784 des
806 1756 964 1785 Austaktes
984 1755 1129 1787 entbehrt‚
1151 1758 1191 1784 ist
1209 1756 1362 1792 pulchrius
1376 1759 1492 1793 gesetzt

182 1793 309 1821 worden.
330 1808 367 1814 »—
385 1792 431 1825 20,
450 1792 464 1819 1
486 1794 558 1822 solis
577 1795 726 1821 micantia.
747 1810 787 1816 ν-
805 1793 851 1830 20,
872 1792 890 1821 2
909 1796 1021 1831 pervia.
1040 1808 1080 1814 ——
1101 1792 1146 1826 20,
1167 1791 1186 1821 3
1199 1795 1337 1823 Aureola.
1358 1809 1396 1814 -—-
1409 1793 1456 1828 44,
1472 1792 1490 1822 3

180 1832 224 1860 Ut
241 1831 323 1859 fehlt.

631 1933 681 1965 35.
709 1935 751 1965 De
771 1934 868 1966 heata
885 1934 987 1966 {turia
1005 1934 1044 1966 V.

280 2003 408 2035 Laudes
432 2012 543 2035 sacrae
565 2004 698 2045 virginis

280 2050 406 2082 Mariae
430 2059 493 2083 vox
519 2054 610 2083 canat
633 2052 775 2092 humilis,

281 2097 372 2129 Haec
396 2101 444 2129 est
467 2097 629 2138 melliflua,

283 2144 436 2177 Omnibus
458 2144 570 2177 favens
593 2146 715 2190 sedula,

223 2195 255 2226 5.
281 2192 372 2224 Oliva
394 2192 525 2232 gratiae,

283 2239 392 2271 Mater
414 2239 666 2277 misericordiae.

285 2287 407 2327 Regina
436 2287 602 2327 caelorum,

284 2334 465 2374 Disciplina
488 2343 620 2371 morum,

284 2382 365 2422 Spes
388 2382 586 2423 miserorum,

201 2431 256 2464 10.
283 2430 369 2463 Vera
391 2430 447 2463 lux
470 2433 663 2470 sanctorum²

961 2005 1039 2038 Flos
1062 2003 1187 2045 florum,

960 2051 1133 2093 Refugium
1161 2056 1378 2094 peecatorum,

963 2100 1135 2140 Culparum
1163 2101 1319 2142 remissio,

961 2148 1126 2180 Virtutum
1149 2149 1378 2189 augmentatio,

929 2220 937 2228 .
963 2195 1089 2227 Invicta
1112 2196 1280 2237 protectio,

960 2241 1239 2283 Triumphantium
1262 2243 1423 2284 gloriatio.

964 2289 988 2321 O
1013 2291 1103 2330 virgo
1125 2291 1254 2328 nobilis,

965 2337 1043 2369 Orta
1067 2337 1169 2377 stirpe
1192 2338 1341 2379 Davffis,

963 2383 1124 2416 Succurre
1146 2385 1283 2428 miseris,

881 2433 938 2468 20.
963 2432 1026 2465 Pro
1050 2436 1182 2472 peccato
1203 2433 1352 2476 perditis,
