1651 2700
726 182 962 218 —44—

811 279 872 313 111.

232 387 238 393 .
262 361 341 398 Ave,
368 361 486 396 sancta,
514 357 721 398 sanctissima,
887 356 920 387 4.
945 353 1029 386 Mihi
1054 353 1133 384 velis
1159 352 1329 384 subvenire

266 406 409 439 Omnium
436 405 628 442 beatissima,
944 401 989 433 Et
1015 409 1056 432 ne
1080 400 1166 431 sinas
1192 408 1243 431 me
1267 399 1376 432 subire

267 453 358 485 Nunc
381 453 415 483 in
441 452 536 484 caelis
562 451 740 490 sublimata,
944 448 1021 480 Ulla
1046 456 1140 479 causa
1164 447 1314 479 laesionis

264 500 343 533 Esto
367 499 444 531 mihi
469 508 594 539 semper
617 500 707 538 grat-a
944 495 1004 528 Vel
1028 503 1200 535 perversae
1224 495 1391 528 suasionis.

232 593 238 598 .
265 566 310 600 Et
330 566 369 597 ab
395 567 479 598 omni
503 566 586 597 malo
611 564 721 601 tutrix,
885 564 914 597 5.
941 562 1023 602 Heu,
1048 562 1082 593 in
1108 561 1233 601 quantis
1260 562 1449 593 constitutus

265 614 323 646 Pia
347 617 449 645 mater
474 616 506 644 et
529 611 679 650 adiutrix,
944 609 1019 641 Sum
1042 609 1182 649 peccatis
1208 612 1241 640 et
1263 610 1416 652 pollutus,

265 661 409 694 Vivendo
434 660 487 691 hic
510 659 682 697 humiliter,
942 656 1073 689 Foedae
1097 655 1189 688 faece
1215 657 1327 697 culpae
1352 656 1475 697 foedor,

263 708 404 740 Tandem
428 709 531 738 tecum
556 705 749 746 perenniter.
944 704 1055 745 Cerne,
1083 704 1219 745 quantis,
1249 705 1347 745 virgo,
1373 705 1495 736 laedor.

207 781 236 809 ¹.
263 774 372 817 Tuam,
399 782 523 816 precor,
550 773 702 812 pietatem
884 772 915 805 6.
940 772 1042 811 Intus,
1068 770 1147 804 foris
1174 772 1286 811 culpae
1312 772 1423 811 spinis,

260 821 303 853 Et
327 821 512 852 immensam
536 820 747 862 sanctitatem,
940 819 1008 851 Fac
1033 828 1177 852 securum
1203 828 1254 851 me
1281 820 1321 851 de
1346 820 1438 851 minis

261 869 305 902 Ut
330 868 361 898 in
387 876 457 899 mea.
480 870 680 909 paupertate,
942 866 1126 899 Corruentis
1151 868 1243 899 huius
1268 868 1389 906 mundi„

260 916 394 949 Animae
418 913 602 956 fragilitate,
940 914 1048 955 Virgo,
1074 915 1158 957 iuva,
1183 923 1224 947 ne
1250 915 1400 947 contundi

540 982 571 1013 7.
596 978 669 1013 Ictu
693 981 779 1012 sinas
804 989 854 1012 me
881 981 1028 1013 draconis

596 1027 768 1061 Infernalis
795 1028 979 1072 Babylonis,

598 1075 661 1107 Sed
687 1076 729 1108 da
751 1076 854 1107 locum
881 1079 913 1107 et
938 1076 1091 1108 ducamen

598 1124 649 1155 Ad
682 1123 819 1155 caeleste
843 1132 984 1164 regnum.
1035 1124 1149 1158 Amen.

808 1220 865 1252 IV.

224 1322 231 1329 ,
258 1298 338 1335 Ave,
364 1295 443 1326 lucis
468 1298 502 1327 tu
528 1304 652 1335 aurora,
880 1297 910 1328 3.
939 1296 1089 1328 Laudans
1114 1296 1218 1328 Iesum
1245 1305 1322 1329 voce
1349 1297 1455 1339 digna,

255 1342 335 1375 Esto
359 1351 510 1382 praesens
535 1344 645 1375 mortis
670 1344 759 1383 hora,
938 1345 1000 1376 Per
1025 1353 1118 1384 quam
1143 1345 1225 1376 mira
1250 1344 1332 1376 fiunt,
1355 1345 1457 1386 signa,

257 1390 503 1423 Decumbentem
530 1390 612 1431 fove,
643 1391 716 1422 leva
939 1391 1067 1431 Duplex
1101 1401 1186 1424 mors
1210 1401 1261 1424 me
1285 1401 1326 1423 ne
1349 1391 1493 1433 infestet,

257 1437 302 1470 Et
325 1447 344 1469 a
367 1440 470 1470 morte
494 1439 583 1471 solve
608 1447 713 1472 saeva.
938 1439 1043 1471 Natus
1069 1442 1140 1471 tuus
1165 1440 1251 1472 idem
1276 1443 1429 1481 praestet,

225 1532 231 1538 .
258 1504 302 1537 Ut
331 1507 363 1535 te
389 1504 468 1535 duce
493 1505 573 1536 lucis
598 1505 650 1536 via
880 1508 912 1539 4.
938 1506 1008 1538 Tua
1030 1515 1128 1546 prece
1153 1511 1314 1549 exoratus,

260 1551 382 1591 Migrer
406 1554 520 1590 tecum.
547 1561 565 1583 o
589 1552 705 1594 Maria,
938 1554 1031 1586 ldem
1056 1557 1150 1593 pater
1174 1555 1227 1595 qui
1253 1558 1284 1586 et
1308 1558 1412 1597 natuS,

258 1598 302 1631 Et
327 1599 455 1630 caelesti
479 1598 569 1630 fruar
595 1600 676 1632 dono
940 1602 1029 1634 Idem
1055 1603 1220 1642 utriusque
1244 1602 1370 1643 flamen,

261 1645 429 1679 Iubilando
457 1646 541 1678 dulci
566 1656 652 1681 sono,
940 1649 1057 1681 Trmus
1082 1660 1162 1682 unus
1187 1650 1282 1683 Deus.
1333 1652 1447 1684 Amen.

821 1733 859 1765 V.

225 1833 232 1840 .
259 1807 338 1845 Ave,
366 1814 441 1837 vera
463 1806 633 1850 humilitas,
881 1812 911 1843 3.
938 1810 987 1841 Tu
1012 1819 1070 1849 pro
1094 1811 1185 1842 nobis
1211 1812 1297 1843 omni
1321 1813 1401 1845 hora

261 1852 384 1886 Caritas
409 1856 441 1884 et
463 1853 651 1894 benignitas,
938 1858 1044 1890 Iesum
1068 1861 1178 1890 natum
1204 1859 1251 1891 sic
1276 1869 1383 1903 exora,

259 1900 307 1932 Tu
332 1901 379 1932 sol
403 1901 502 1933 mirae
526 1900 699 1942 fulgentiac
939 1906 985 1938 Ut
1008 1915 1027 1937 a
1052 1906 1134 1938 malo
1160 1915 1308 1940 eruamur

259 1947 303 1980 Et
327 1946 397 1979 fons
422 1957 579 1989 supernae
603 1951 732 1990 gratiae.
937 1953 982 1984 Et
1005 1954 1046 1985 ad
1072 1954 1171 1986 vitam
1195 1956 1420 1995 perducamur.

227 2040 234 2048 .
260 2014 310 2047 De
341 2014 482 2046 caritatis
506 2016 625 2048 lumine
880 2021 911 2052 4.
937 2021 967 2051 A
996 2020 1121 2053 delictis
1147 2024 1257 2055 mundi
1283 2025 1353 2066 toti,

256 2060 376 2095 Libera
399 2071 456 2093 nos
480 2072 500 2094 a
524 2064 664 2104 crimine,
939 2067 991 2100 Sic
1018 2068 1155 2101 confessi
1180 2074 1213 2102 et
1238 2072 1346 2104 devoti

258 2110 308 2142 De
332 2109 502 2148 splendore
526 2112 594 2143 veri
620 2112 695 2144 solis
938 2115 1185 2156 Requiescamus
1210 2120 1243 2151 in
1268 2129 1358 2161 pace,

258 2157 309 2189 Da
333 2157 465 2196 gratiam
492 2157 691 2192 christicolis,
938 2163 988 2195 Ne
1013 2165 1198 2197 damnemur
1221 2167 1255 2198 in
1280 2166 1421 2203 fornace.

806 2248 863 2281 VJ.

225 2347 231 2355 .
258 2321 338 2359 Ave,
364 2318 442 2359 legis
467 2319 646 2361 plenitudo,
879 2327 910 2357 2.
936 2326 981 2358 Et
1005 2336 1074 2359 cum
1100 2331 1156 2360 tua
1179 2327 1302 2363 familia

260 2367 445 2400 Sanctorum
474 2367 647 2412 beatitudo,
937 2373 988 2406 Da
1012 2375 1090 2406 mihi
1117 2375 1278 2417 beneficia,

259 2414 306 2448 Tu
333 2418 422 2447 actus
447 2416 565 2448 munda
588 2418 699 2449 noxios
939 2421 986 2454 Ut
1008 2423 1040 2453 in
1066 2426 1168 2455 morte
1192 2434 1253 2457 non
1280 2436 1449 2467 pavescam

257 2462 301 2496 Et
325 2463 411 2503 pelle
435 2464 648 2499 adversarios.
939 2468 1051 2510 Neque
1074 2479 1147 2503 rcus
1174 2473 1369 2509 erubescam.
