1651 2700
122 232 179 266 48.

124 644 180 678 49.

125 1053 179 1086 50.

127 1461 183 1495 51.

124 1873 180 1907 52.

126 2287 183 2320 53.

633 139 895 175 —181—

204 232 292 265 Rosa
315 233 445 274 rubens,

254 289 336 321 quae
359 290 487 322 semper
509 283 647 324 redoles,

207 329 343 368 Semper
367 330 487 370 gaudes

256 379 288 408 et
312 385 439 417 semper
464 379 625 420 condoles,

205 424 391 465 Precamur,
416 427 454 457 ut

253 472 301 504 sic
323 472 417 504 nobis
441 473 562 515 adoles,

207 518 282 551 Pias
307 528 420 559 preces

254 575 314 607 pro
339 567 431 600 nobis
457 568 612 602 immoles

208 643 299 676 Sicut
322 646 413 683 patet

256 691 395 723 omnium
421 692 531 733 oculis,

208 740 308 771 Totus
333 740 470 772 mundus

257 785 368 818 subest
390 786 555 829 periculis,

209 834 273 866 Sed
298 836 341 877 tu,
370 835 460 874 virgo

254 882 423 921 praeclara
446 882 560 926 titulis,

206 928 327 961 Libera
351 937 409 960 nos

255 975 405 1016 precibus
431 975 564 1009 sedulis.

208 1053 247 1085 In
271 1053 333 1084 hac
357 1052 425 1085 vita

256 1099 357 1131 multa
381 1099 525 1139 pericula

208 1146 311 1179 Nobis
341 1147 463 1179 instant

257 1198 289 1226 et
319 1195 420 1227 multa
444 1194 582 1236 vincula,

208 1243 253 1274 Et
280 1241 402 1274 idcirco

257 1293 292 1322 tu
317 1292 423 1321 mente
448 1290 562 1322 sedula

208 1338 352 1378 Regnum
378 1337 458 1369 caeli

256 1393 316 1425 pro
341 1384 434 1417 nobis
458 1386 595 1425 postula.

208 1462 247 1494 In
272 1461 334 1493 hoc
358 1460 476 1493 mundo

256 1509 312 1541 vix
336 1508 453 1540 bonum
479 1507 613 1541 facimus

208 1556 253 1588 Et
276 1567 296 1589 a
319 1556 412 1588 malis

254 1612 415 1644 nunquam
444 1603 646 1647 quiescimus,

204 1652 250 1684 Et
274 1651 321 1684 sic
345 1651 443 1684 vitam

255 1709 294 1732 ac
317 1702 443 1740 tempus
469 1700 645 1741 perdimus,

204 1748 255 1780 De
279 1750 312 1779 te
336 1750 442 1780 tamen

253 1804 381 1835 semper
405 1794 605 1829 confidimus

206 1871 349 1904 Mundus
374 1872 488 1912 plenus

254 1919 414 1961 figmentis
440 1919 534 1952 luteis

204 1967 275 2000 Nos
302 1967 438 2000 diversis

254 2015 368 2057 pungit
392 2015 522 2056 aculeis,

207 2064 273 2096 Sed
297 2063 388 2096 salva
411 2072 469 2096 nos

257 2112 297 2144 ab
323 2112 391 2143 eius
414 2112 550 2153 laqueis,

204 2160 254 2192 Tu
280 2160 384 2198 beata,

254 2216 336 2249 quae
362 2208 484 2240 cunctis
507 2208 669 2242 subvehis.

210 2284 294 2326 Heu,
320 2284 354 2316 in
377 2285 496 2318 mundo

254 2331 364 2366 deficit
391 2333 521 2375 veritas,

205 2383 275 2415 Pax
301 2383 334 2413 et
358 2391 457 2422 amor,

253 2439 365 2464 sensus
391 2433 424 2463 et
445 2430 560 2476 pietas,

812 459 866 491 54.

814 866 870 900 55.

816 1274 871 1306 56.

816 1683 871 1717 57.

816 2096 873 2130 58.

893 238 937 270 Et
961 237 1105 270 abundat

941 284 1029 318 fraus
1057 288 1090 317 et
1112 285 1274 327 iniquitas,

894 332 960 365 Sed
984 333 1071 374 apud
1095 335 1128 365 te

943 384 992 413 est
1016 381 1117 414 omnis
1144 381 1280 416 bonitaS.

895 457 970 490 Vita
997 466 1148 498 praesens

943 507 993 536 est
1016 514 1117 544 vapor
1140 505 1295 547 modicus,

896 552 1027 593 Umbra,
1055 555 1179 594 ventus,

943 609 1071 632 somnus
1100 600 1330 640 phantasticus,

898 646 985 688 Flos,
1012 646 1133 690 favilla,

946 695 1045 727 decor
1066 695 1270 736 sophisticus,

897 741 1017 783 Pugna,
1045 750 1165 784 cursus,

945 798 1094 823 ascensus
1118 791 1269 824 lubricus

895 866 968 898 Hoc
991 866 1025 898 in
1048 867 1167 899 mundo

944 922 1027 946 vana
1050 916 1125 945 sunt
1147 914 1253 946 omnia

897 959 941 991 Et
964 960 1062 992 saluti

944 1010 1075 1039 nostrae
1100 1008 1269 1049 contraria,

898 1054 1074 1094 Propterea

943 1104 988 1144 tu,
1014 1102 1111 1142 plena
1134 1102 1247 1143 gratia,

896 1148 948 1181 De
972 1149 1119 1190 supernis

942 1198 1034 1229 mitte
1057 1198 1210 1231 remedia.

898 1272 965 1304 Nos
990 1274 1156 1306 horrentes

945 1321 1191 1353 amaritudinem

895 1367 1000 1400 Huius
1023 1368 1120 1411 vitae,

946 1417 1051 1448 carnis
1073 1415 1286 1457 putredinem,

897 1462 1009 1495 Hostis
1035 1462 1191 1504 fraudem,

945 1510 1057 1543 mortis
1082 1509 1299 1554 formidinem,

897 1557 1109 1598 Imploramus

944 1608 1031 1638 tuam
1057 1606 1268 1640 dulcedinem.

898 1681 949 1714 Ne
973 1683 1071 1722 igitur

944 1730 1025 1762 haec
1050 1731 1115 1763 vita
1140 1730 1295 1772 funebris,

897 1777 1082 1811 Excaecata

946 1827 1071 1868 peccati
1092 1827 1244 1870 tenebris,

898 1873 965 1906 Nos
991 1878 1176 1915 corrumpat

946 1923 1051 1954 carnis
1076 1923 1250 1965 illecebris,

899 1970 1061 2003 Conserva
1085 1980 1153 2011 nos,

945 2019 1056 2059 regina
1081 2018 1227 2053 celebris,

899 2095 938 2126 In
962 2095 1024 2127 hac
1047 2095 1115 2128 vita

944 2143 992 2175 sic
1015 2143 1201 2188 miserabili,

897 2189 951 2222 Sic
975 2201 1094 2233 amara,

945 2240 1078 2282 caduca,
1098 2240 1202 2285 labili,

896 2287 972 2320 Vita
996 2297 1132 2329 nequam

945 2339 978 2368 et
1000 2337 1099 2378 plena
1121 2336 1213 2369 nihili

897 2384 1031 2418 Custodi
1052 2394 1111 2418 nos

946 2442 1023 2466 cura
1042 2433 1204 2474 pervigili.
