<?xml version="1.0" encoding="UTF-8"?>
<!DOCTYPE html PUBLIC "-//W3C//DTD XHTML 1.0 Transitional//EN"
    "http://www.w3.org/TR/xhtml1/DTD/xhtml1-transitional.dtd">
<html xmlns="http://www.w3.org/1999/xhtml" xml:lang="en" lang="en">
 <head>
  <title>
</title>
<meta http-equiv="Content-Type" content="text/html;charset=utf-8" />
  <meta name='ocr-system' content='tesseract 3.04.00' />
  <meta name='ocr-capabilities' content='ocr_page ocr_carea ocr_par ocr_line ocrx_word'/>
</head>
<body>
  <div class='ocr_page' id='page_1' title='image "./analectahymnica32drevuoft_00093.png"; bbox 0 0 1651 2700; ppageno 0'>
   <div class='ocr_carea' id='block_1_1' title="bbox 743 174 973 211">
    <p class='ocr_par' dir='ltr' id='par_1_1' title="bbox 743 174 973 211">
     <span class='ocr_line' id='line_1_1' title="bbox 743 174 973 211; baseline -0.009 -8"><span class='ocrx_word' id='word_1_1' title='bbox 743 174 973 211; x_wconf 70' lang='lat'>...90-..</span> 
     </span>
    </p>
   </div>
   <div class='ocr_carea' id='block_1_2' title="bbox 395 271 1408 2081">
    <p class='ocr_par' dir='ltr' id='par_1_2' title="bbox 479 271 1223 315">
     <span class='ocr_line' id='line_1_2' title="bbox 479 271 1223 315; baseline -0.005 -8"><span class='ocrx_word' id='word_1_2' title='bbox 479 276 548 307; x_wconf 85' lang='lat' dir='ltr'>Vox</span> <span class='ocrx_word' id='word_1_3' title='bbox 572 274 747 315; x_wconf 86' lang='lat' dir='ltr'>peccatoris</span> <span class='ocrx_word' id='word_1_4' title='bbox 771 276 804 305; x_wconf 91' lang='lat' dir='ltr'>te</span> <span class='ocrx_word' id='word_1_5' title='bbox 827 271 958 315; x_wconf 81' lang='lat' dir='ltr'>flagitat,</span> <span class='ocrx_word' id='word_1_6' title='bbox 983 273 1056 304; x_wconf 87' lang='lat' dir='ltr'>aula</span> <span class='ocrx_word' id='word_1_7' title='bbox 1079 272 1223 315; x_wconf 85' lang='lat' dir='ltr'>pudoris,</span> 
     </span>
    </p>

    <p class='ocr_par' dir='ltr' id='par_1_3' title="bbox 395 318 1263 406">
     <span class='ocr_line' id='line_1_3' title="bbox 395 318 1246 356; baseline -0.007 0"><span class='ocrx_word' id='word_1_8' title='bbox 395 324 451 356; x_wconf 90' lang='lat'>40.</span> <span class='ocrx_word' id='word_1_9' title='bbox 477 323 529 355; x_wconf 91' lang='lat' dir='ltr'>Ad</span> <span class='ocrx_word' id='word_1_10' title='bbox 556 323 634 354; x_wconf 81' lang='lat' dir='ltr'>caeli</span> <span class='ocrx_word' id='word_1_11' title='bbox 657 329 771 354; x_wconf 91' lang='lat' dir='ltr'>numen</span> <span class='ocrx_word' id='word_1_12' title='bbox 794 320 963 351; x_wconf 86' lang='lat' dir='ltr'>metuentis</span> <span class='ocrx_word' id='word_1_13' title='bbox 987 318 1116 351; x_wconf 87' lang='lat' dir='ltr'>flectere</span> <span class='ocrx_word' id='word_1_14' title='bbox 1138 319 1246 351; x_wconf 87' lang='lat' dir='ltr'>lumen</span> 
     </span>
     <span class='ocr_line' id='line_1_4' title="bbox 477 366 1263 406; baseline -0.004 -4"><span class='ocrx_word' id='word_1_15' title='bbox 477 370 523 403; x_wconf 87' lang='lat' dir='ltr'>Et</span> <span class='ocrx_word' id='word_1_16' title='bbox 545 370 591 401; x_wconf 90' lang='lat' dir='ltr'>nil</span> <span class='ocrx_word' id='word_1_17' title='bbox 616 369 761 401; x_wconf 86' lang='lat' dir='ltr'>audentis</span> <span class='ocrx_word' id='word_1_18' title='bbox 787 368 827 399; x_wconf 88' lang='lat' dir='ltr'>de</span> <span class='ocrx_word' id='word_1_19' title='bbox 856 367 981 399; x_wconf 90' lang='lat' dir='ltr'>nomine</span> <span class='ocrx_word' id='word_1_20' title='bbox 1007 366 1263 406; x_wconf 81' lang='lat' dir='ltr'><strong>cunctipotentis.</strong></span> 
     </span>
    </p>

    <p class='ocr_par' dir='ltr' id='par_1_4' title="bbox 477 415 1334 551">
     <span class='ocr_line' id='line_1_5' title="bbox 477 415 1298 458; baseline -0.005 -9"><span class='ocrx_word' id='word_1_21' title='bbox 477 417 565 449; x_wconf 86' lang='lat' dir='ltr'>Audi</span> <span class='ocrx_word' id='word_1_22' title='bbox 590 417 784 458; x_wconf 89' lang='lat' dir='ltr'>clamantem,</span> <span class='ocrx_word' id='word_1_23' title='bbox 812 417 854 455; x_wconf 90' lang='lat' dir='ltr'>te,</span> <span class='ocrx_word' id='word_1_24' title='bbox 880 415 968 454; x_wconf 88' lang='lat' dir='ltr'>virgo</span> <span class='ocrx_word' id='word_1_25' title='bbox 991 415 1095 455; x_wconf 84' lang='lat' dir='ltr'>beata,</span> <span class='ocrx_word' id='word_1_26' title='bbox 1121 416 1298 453; x_wconf 88' lang='lat' dir='ltr'>vocantem,</span> 
     </span>
     <span class='ocr_line' id='line_1_6' title="bbox 484 461 1310 504; baseline -0.002 -9"><span class='ocrx_word' id='word_1_27' title='bbox 484 464 547 499; x_wconf 86' lang='lat' dir='ltr'>Sed</span> <span class='ocrx_word' id='word_1_28' title='bbox 570 472 610 495; x_wconf 89' lang='lat' dir='ltr'>ne</span> <span class='ocrx_word' id='word_1_29' title='bbox 634 462 783 504; x_wconf 88' lang='lat' dir='ltr'>turberis,</span> <span class='ocrx_word' id='word_1_30' title='bbox 809 463 893 501; x_wconf 88' lang='lat' dir='ltr'>quod</span> <span class='ocrx_word' id='word_1_31' title='bbox 919 462 958 493; x_wconf 88' lang='lat' dir='ltr'>ab</span> <span class='ocrx_word' id='word_1_32' title='bbox 983 462 1070 493; x_wconf 91' lang='lat' dir='ltr'>illius</span> <span class='ocrx_word' id='word_1_33' title='bbox 1096 470 1151 493; x_wconf 91' lang='lat' dir='ltr'>ore</span> <span class='ocrx_word' id='word_1_34' title='bbox 1175 461 1310 500; x_wconf 84' lang='lat' dir='ltr'>voceris,</span> 
     </span>
     <span class='ocr_line' id='line_1_7' title="bbox 481 509 1334 551; baseline -0.001 -9"><span class='ocrx_word' id='word_1_35' title='bbox 481 511 541 551; x_wconf 80' lang='lat' dir='ltr'>Qui</span> <span class='ocrx_word' id='word_1_36' title='bbox 565 511 650 543; x_wconf 88' lang='lat' dir='ltr'>vitiis</span> <span class='ocrx_word' id='word_1_37' title='bbox 675 509 787 541; x_wconf 85' lang='lat' dir='ltr'>foedus</span> <span class='ocrx_word' id='word_1_38' title='bbox 812 509 916 541; x_wconf 90' lang='lat' dir='ltr'>mollis</span> <span class='ocrx_word' id='word_1_39' title='bbox 941 509 1117 549; x_wconf 84' lang='lat' dir='ltr'>pertransit</span> <span class='ocrx_word' id='word_1_40' title='bbox 1141 512 1177 541; x_wconf 88' lang='lat' dir='ltr'>ut</span> <span class='ocrx_word' id='word_1_41' title='bbox 1201 509 1334 549; x_wconf 83' lang='lat' dir='ltr'>hoeduS,</span> 
     </span>
    </p>

    <p class='ocr_par' dir='ltr' id='par_1_5' title="bbox 397 555 1369 790">
     <span class='ocr_line' id='line_1_8' title="bbox 397 555 1288 597; baseline -0.003 -6"><span class='ocrx_word' id='word_1_42' title='bbox 397 560 452 592; x_wconf 87' lang='lat'>45.</span> <span class='ocrx_word' id='word_1_43' title='bbox 478 558 609 590; x_wconf 89' lang='lat' dir='ltr'>Penitus</span> <span class='ocrx_word' id='word_1_44' title='bbox 635 566 775 588; x_wconf 89' lang='lat' dir='ltr'>errorum</span> <span class='ocrx_word' id='word_1_45' title='bbox 800 557 864 588; x_wconf 91' lang='lat' dir='ltr'>iam</span> <span class='ocrx_word' id='word_1_46' title='bbox 888 555 988 588; x_wconf 89' lang='lat' dir='ltr'>foetet</span> <span class='ocrx_word' id='word_1_47' title='bbox 1008 557 1132 597; x_wconf 79' lang='lat' dir='ltr'>ineptia</span> <span class='ocrx_word' id='word_1_48' title='bbox 1155 566 1288 589; x_wconf 90' lang='lat' dir='ltr'>morum.</span> 
     </span>
     <span class='ocr_line' id='line_1_9' title="bbox 478 604 1350 647; baseline -0.001 -10"><span class='ocrx_word' id='word_1_49' title='bbox 478 605 599 638; x_wconf 89' lang='lat' dir='ltr'>Labilis</span> <span class='ocrx_word' id='word_1_50' title='bbox 625 607 656 636; x_wconf 87' lang='lat' dir='ltr'>et</span> <span class='ocrx_word' id='word_1_51' title='bbox 680 613 780 636; x_wconf 85' lang='lat' dir='ltr'>vanus</span> <span class='ocrx_word' id='word_1_52' title='bbox 804 613 874 636; x_wconf 86' lang='lat' dir='ltr'>sum</span> <span class='ocrx_word' id='word_1_53' title='bbox 896 605 969 644; x_wconf 89' lang='lat' dir='ltr'>plus</span> <span class='ocrx_word' id='word_1_54' title='bbox 994 614 1087 644; x_wconf 88' lang='lat' dir='ltr'>quam</span> <span class='ocrx_word' id='word_1_55' title='bbox 1112 604 1350 647; x_wconf 76' lang='lat' dir='ltr'>quatriduanus,</span> 
     </span>
     <span class='ocr_line' id='line_1_10' title="bbox 478 652 1369 694; baseline -0.001 -11"><span class='ocrx_word' id='word_1_56' title='bbox 478 652 611 691; x_wconf 88' lang='lat' dir='ltr'>Suscipe</span> <span class='ocrx_word' id='word_1_57' title='bbox 635 660 831 692; x_wconf 89' lang='lat' dir='ltr'>conversum,</span> <span class='ocrx_word' id='word_1_58' title='bbox 857 652 983 684; x_wconf 87' lang='lat' dir='ltr'>noviter</span> <span class='ocrx_word' id='word_1_59' title='bbox 1007 652 1173 692; x_wconf 80' lang='lat' dir='ltr'>Babylone</span> <span class='ocrx_word' id='word_1_60' title='bbox 1196 661 1369 694; x_wconf 89' lang='lat' dir='ltr'>reversum,</span> 
     </span>
     <span class='ocr_line' id='line_1_11' title="bbox 480 698 1336 740; baseline 0.001 -9"><span class='ocrx_word' id='word_1_61' title='bbox 480 702 525 732; x_wconf 90' lang='lat' dir='ltr'>At</span> <span class='ocrx_word' id='word_1_62' title='bbox 547 699 630 731; x_wconf 89' lang='lat' dir='ltr'>male</span> <span class='ocrx_word' id='word_1_63' title='bbox 656 699 824 738; x_wconf 87' lang='lat' dir='ltr'>deceptum</span> <span class='ocrx_word' id='word_1_64' title='bbox 846 698 899 731; x_wconf 87' lang='lat' dir='ltr'>fac</span> <span class='ocrx_word' id='word_1_65' title='bbox 923 708 993 731; x_wconf 88' lang='lat' dir='ltr'>cum</span> <span class='ocrx_word' id='word_1_66' title='bbox 1017 700 1138 739; x_wconf 86' lang='lat' dir='ltr'>pietate</span> <span class='ocrx_word' id='word_1_67' title='bbox 1162 703 1336 740; x_wconf 87' lang='lat' dir='ltr'>receptum.</span> 
     </span>
     <span class='ocr_line' id='line_1_12' title="bbox 478 745 1336 790; baseline 0.001 -12"><span class='ocrx_word' id='word_1_68' title='bbox 478 746 513 778; x_wconf 91' lang='lat' dir='ltr'>Si</span> <span class='ocrx_word' id='word_1_69' title='bbox 537 747 660 779; x_wconf 88' lang='lat' dir='ltr'>veniam</span> <span class='ocrx_word' id='word_1_70' title='bbox 685 755 792 788; x_wconf 89' lang='lat' dir='ltr'>posco,</span> <span class='ocrx_word' id='word_1_71' title='bbox 818 747 846 778; x_wconf 91' lang='lat' dir='ltr'>si</span> <span class='ocrx_word' id='word_1_72' title='bbox 870 745 949 779; x_wconf 85' lang='lat' dir='ltr'>flens</span> <span class='ocrx_word' id='word_1_73' title='bbox 973 756 1045 779; x_wconf 87' lang='lat' dir='ltr'>mea</span> <span class='ocrx_word' id='word_1_74' title='bbox 1070 747 1202 780; x_wconf 83' lang='lat' dir='ltr'>crimina</span> <span class='ocrx_word' id='word_1_75' title='bbox 1225 756 1336 790; x_wconf 89' lang='lat' dir='ltr'>nosco,</span> 
     </span>
    </p>

    <p class='ocr_par' dir='ltr' id='par_1_6' title="bbox 399 794 1324 930">
     <span class='ocr_line' id='line_1_13' title="bbox 399 794 1324 838; baseline -0.001 -10"><span class='ocrx_word' id='word_1_76' title='bbox 399 796 452 828; x_wconf 84' lang='lat'>50.</span> <span class='ocrx_word' id='word_1_77' title='bbox 479 794 551 826; x_wconf 84' lang='lat' dir='ltr'>Non</span> <span class='ocrx_word' id='word_1_78' title='bbox 577 803 633 833; x_wconf 86' lang='lat' dir='ltr'>ego</span> <span class='ocrx_word' id='word_1_79' title='bbox 660 794 814 838; x_wconf 86' lang='lat' dir='ltr'>damnari,</span> <span class='ocrx_word' id='word_1_80' title='bbox 838 804 902 826; x_wconf 90' lang='lat' dir='ltr'>non</span> <span class='ocrx_word' id='word_1_81' title='bbox 929 795 1028 827; x_wconf 85' lang='lat' dir='ltr'>debeo</span> <span class='ocrx_word' id='word_1_82' title='bbox 1052 795 1115 827; x_wconf 89' lang='lat' dir='ltr'>iam</span> <span class='ocrx_word' id='word_1_83' title='bbox 1140 795 1324 837; x_wconf 81' lang='lat' dir='ltr'>reprobari3</span> 
     </span>
     <span class='ocr_line' id='line_1_14' title="bbox 479 841 1302 883; baseline 0.002 -10"><span class='ocrx_word' id='word_1_84' title='bbox 479 841 563 873; x_wconf 87' lang='lat' dir='ltr'>Nam</span> <span class='ocrx_word' id='word_1_85' title='bbox 589 842 682 873; x_wconf 87' lang='lat' dir='ltr'>decet</span> <span class='ocrx_word' id='word_1_86' title='bbox 705 844 865 874; x_wconf 80' lang='lat' dir='ltr'><strong>auctorem</strong></span> <span class='ocrx_word' id='word_1_87' title='bbox 890 851 953 874; x_wconf 91' lang='lat' dir='ltr'>non</span> <span class='ocrx_word' id='word_1_88' title='bbox 978 851 1127 874; x_wconf 83' lang='lat' dir='ltr'>exercere</span> <span class='ocrx_word' id='word_1_89' title='bbox 1151 842 1302 883; x_wconf 88' lang='lat' dir='ltr'>furorem,</span> 
     </span>
     <span class='ocr_line' id='line_1_15' title="bbox 479 889 1226 930; baseline 0.001 -8"><span class='ocrx_word' id='word_1_90' title='bbox 479 890 547 922; x_wconf 90' lang='lat' dir='ltr'>Iam</span> <span class='ocrx_word' id='word_1_91' title='bbox 574 889 670 921; x_wconf 88' lang='lat' dir='ltr'>debet</span> <span class='ocrx_word' id='word_1_92' title='bbox 692 890 795 930; x_wconf 86' lang='lat' dir='ltr'>pietas</span> <span class='ocrx_word' id='word_1_93' title='bbox 820 890 901 922; x_wconf 87' lang='lat' dir='ltr'>odiis</span> <span class='ocrx_word' id='word_1_94' title='bbox 925 890 1090 930; x_wconf 82' lang='lat' dir='ltr'>imponere</span> <span class='ocrx_word' id='word_1_95' title='bbox 1114 894 1226 924; x_wconf 84' lang='lat' dir='ltr'>metas,</span> 
     </span>
    </p>

    <p class='ocr_par' dir='ltr' id='par_1_7' title="bbox 477 937 1292 1021">
     <span class='ocr_line' id='line_1_16' title="bbox 477 937 1292 980; baseline 0.004 -12"><span class='ocrx_word' id='word_1_96' title='bbox 477 937 514 969; x_wconf 88' lang='lat' dir='ltr'>In</span> <span class='ocrx_word' id='word_1_97' title='bbox 539 940 572 968; x_wconf 90' lang='lat' dir='ltr'>te</span> <span class='ocrx_word' id='word_1_98' title='bbox 595 941 776 977; x_wconf 85' lang='lat' dir='ltr'>sperantem</span> <span class='ocrx_word' id='word_1_99' title='bbox 799 947 863 969; x_wconf 92' lang='lat' dir='ltr'>non</span> <span class='ocrx_word' id='word_1_100' title='bbox 889 938 964 980; x_wconf 90' lang='lat' dir='ltr'>vidi,</span> <span class='ocrx_word' id='word_1_101' title='bbox 989 939 1088 978; x_wconf 87' lang='lat' dir='ltr'>virgo,</span> <span class='ocrx_word' id='word_1_102' title='bbox 1115 942 1292 979; x_wconf 82' lang='lat' dir='ltr'>vacantem,</span> 
     </span>
     <span class='ocr_line' id='line_1_17' title="bbox 480 985 1164 1021; baseline 0.003 -4"><span class='ocrx_word' id='word_1_103' title='bbox 480 985 517 1017; x_wconf 88' lang='lat' dir='ltr'>In</span> <span class='ocrx_word' id='word_1_104' title='bbox 541 989 574 1016; x_wconf 82' lang='lat' dir='ltr'>te</span> <span class='ocrx_word' id='word_1_105' title='bbox 597 985 749 1016; x_wconf 88' lang='lat' dir='ltr'>iactatum</span> <span class='ocrx_word' id='word_1_106' title='bbox 773 994 837 1017; x_wconf 92' lang='lat' dir='ltr'>non</span> <span class='ocrx_word' id='word_1_107' title='bbox 860 986 928 1018; x_wconf 88' lang='lat' dir='ltr'>vidi</span> <span class='ocrx_word' id='word_1_108' title='bbox 956 985 1164 1021; x_wconf 85' lang='lat' dir='ltr'>ludificatum.</span> 
     </span>
    </p>

    <p class='ocr_par' dir='ltr' id='par_1_8' title="bbox 398 1032 1408 1164">
     <span class='ocr_line' id='line_1_18' title="bbox 398 1032 1408 1078; baseline -0.001 -11"><span class='ocrx_word' id='word_1_109' title='bbox 398 1035 452 1067; x_wconf 87' lang='lat'>55.</span> <span class='ocrx_word' id='word_1_110' title='bbox 477 1032 533 1065; x_wconf 89' lang='lat' dir='ltr'>Me</span> <span class='ocrx_word' id='word_1_111' title='bbox 556 1032 615 1064; x_wconf 85' lang='lat' dir='ltr'>tibi</span> <span class='ocrx_word' id='word_1_112' title='bbox 640 1033 833 1073; x_wconf 87' lang='lat' dir='ltr'>commendo,</span> <span class='ocrx_word' id='word_1_113' title='bbox 859 1042 933 1065; x_wconf 89' lang='lat' dir='ltr'>reus</span> <span class='ocrx_word' id='word_1_114' title='bbox 958 1034 1000 1066; x_wconf 90' lang='lat' dir='ltr'>ad</span> <span class='ocrx_word' id='word_1_115' title='bbox 1025 1036 1066 1078; x_wconf 91' lang='lat' dir='ltr'>te,</span> <span class='ocrx_word' id='word_1_116' title='bbox 1094 1043 1167 1074; x_wconf 88' lang='lat' dir='ltr'>spes</span> <span class='ocrx_word' id='word_1_117' title='bbox 1192 1043 1272 1074; x_wconf 89' lang='lat' dir='ltr'>mea,</span> <span class='ocrx_word' id='word_1_118' title='bbox 1299 1034 1408 1074; x_wconf 80' lang='lat' dir='ltr'>tende,</span> 
     </span>
     <span class='ocr_line' id='line_1_19' title="bbox 479 1080 1266 1124; baseline 0.004 -13"><span class='ocrx_word' id='word_1_119' title='bbox 479 1080 577 1120; x_wconf 77' lang='lat' dir='ltr'>Erige</span> <span class='ocrx_word' id='word_1_120' title='bbox 600 1080 772 1121; x_wconf 87' lang='lat' dir='ltr'>labentem,</span> <span class='ocrx_word' id='word_1_121' title='bbox 800 1081 901 1121; x_wconf 82' lang='lat' dir='ltr'>culpis</span> <span class='ocrx_word' id='word_1_122' title='bbox 927 1081 1058 1113; x_wconf 88' lang='lat' dir='ltr'>absolve</span> <span class='ocrx_word' id='word_1_123' title='bbox 1083 1080 1266 1124; x_wconf 80' lang='lat' dir='ltr'>foetentem,</span> 
     </span>
     <span class='ocr_line' id='line_1_20' title="bbox 480 1127 1274 1164; baseline 0.004 -4"><span class='ocrx_word' id='word_1_124' title='bbox 480 1127 639 1160; x_wconf 88' lang='lat' dir='ltr'>Offensum</span> <span class='ocrx_word' id='word_1_125' title='bbox 663 1130 772 1160; x_wconf 84' lang='lat' dir='ltr'>natum</span> <span class='ocrx_word' id='word_1_126' title='bbox 796 1129 874 1160; x_wconf 87' lang='lat' dir='ltr'>mihi</span> <span class='ocrx_word' id='word_1_127' title='bbox 898 1129 1000 1161; x_wconf 80' lang='lat' dir='ltr'>redde</span> <span class='ocrx_word' id='word_1_128' title='bbox 1024 1130 1274 1164; x_wconf 88' lang='lat' dir='ltr'>reconciliatum.</span> 
     </span>
    </p>

    <p class='ocr_par' dir='ltr' id='par_1_9' title="bbox 479 1175 1384 1268">
     <span class='ocr_line' id='line_1_21' title="bbox 479 1175 1338 1218; baseline 0.005 -12"><span class='ocrx_word' id='word_1_129' title='bbox 479 1175 513 1207; x_wconf 88' lang='lat' dir='ltr'>Si</span> <span class='ocrx_word' id='word_1_130' title='bbox 537 1184 639 1207; x_wconf 89' lang='lat' dir='ltr'>merso</span> <span class='ocrx_word' id='word_1_131' title='bbox 663 1176 780 1208; x_wconf 88' lang='lat' dir='ltr'>mundo</span> <span class='ocrx_word' id='word_1_132' title='bbox 804 1176 945 1208; x_wconf 88' lang='lat' dir='ltr'>tenebris</span> <span class='ocrx_word' id='word_1_133' title='bbox 969 1177 1143 1217; x_wconf 86' lang='lat' dir='ltr'>mortisque</span> <span class='ocrx_word' id='word_1_134' title='bbox 1166 1177 1338 1218; x_wconf 86' lang='lat' dir='ltr'>profundo,</span> 
     </span>
     <span class='ocr_line' id='line_1_22' title="bbox 481 1223 1384 1268; baseline 0.002 -14"><span class='ocrx_word' id='word_1_135' title='bbox 481 1223 597 1255; x_wconf 86' lang='lat' dir='ltr'>Sancta</span> <span class='ocrx_word' id='word_1_136' title='bbox 621 1232 737 1263; x_wconf 88' lang='lat' dir='ltr'>parens</span> <span class='ocrx_word' id='word_1_137' title='bbox 763 1223 892 1266; x_wconf 84' lang='lat' dir='ltr'>Christi,</span> <span class='ocrx_word' id='word_1_138' title='bbox 920 1225 997 1256; x_wconf 86' lang='lat' dir='ltr'>dare</span> <span class='ocrx_word' id='word_1_139' title='bbox 1020 1225 1217 1264; x_wconf 82' lang='lat' dir='ltr'>praesidium</span> <span class='ocrx_word' id='word_1_140' title='bbox 1240 1225 1384 1268; x_wconf 86' lang='lat' dir='ltr'>potuisti,</span> 
     </span>
    </p>

    <p class='ocr_par' dir='ltr' id='par_1_10' title="bbox 397 1270 1251 1314">
     <span class='ocr_line' id='line_1_23' title="bbox 397 1270 1251 1314; baseline 0.005 -13"><span class='ocrx_word' id='word_1_141' title='bbox 397 1272 453 1305; x_wconf 86' lang='grc'>60,</span> <span class='ocrx_word' id='word_1_142' title='bbox 480 1270 513 1302; x_wconf 88' lang='lat' dir='ltr'>Si</span> <span class='ocrx_word' id='word_1_143' title='bbox 538 1271 646 1310; x_wconf 85' lang='lat' dir='ltr'>plures</span> <span class='ocrx_word' id='word_1_144' title='bbox 671 1271 773 1302; x_wconf 88' lang='lat' dir='ltr'>stellis</span> <span class='ocrx_word' id='word_1_145' title='bbox 798 1271 919 1303; x_wconf 90' lang='lat' dir='ltr'>animas</span> <span class='ocrx_word' id='word_1_146' title='bbox 942 1281 962 1304; x_wconf 86' lang='lat' dir='ltr'>a</span> <span class='ocrx_word' id='word_1_147' title='bbox 985 1275 1089 1304; x_wconf 88' lang='lat' dir='ltr'>morte</span> <span class='ocrx_word' id='word_1_148' title='bbox 1112 1274 1251 1314; x_wconf 84' lang='lat' dir='ltr'>revellis,</span> 
     </span>
    </p>

    <p class='ocr_par' dir='ltr' id='par_1_11' title="bbox 478 1319 1355 1410">
     <span class='ocr_line' id='line_1_24' title="bbox 480 1319 1355 1363; baseline 0.006 -14"><span class='ocrx_word' id='word_1_149' title='bbox 480 1319 579 1357; x_wconf 75' lang='lat' dir='ltr'>Quam</span> <span class='ocrx_word' id='word_1_150' title='bbox 603 1321 693 1350; x_wconf 90' lang='lat' dir='ltr'>vetus</span> <span class='ocrx_word' id='word_1_151' title='bbox 717 1319 845 1350; x_wconf 91' lang='lat' dir='ltr'>illorum</span> <span class='ocrx_word' id='word_1_152' title='bbox 869 1319 1067 1352; x_wconf 86' lang='lat' dir='ltr'>transfundit</span> <span class='ocrx_word' id='word_1_153' title='bbox 1092 1321 1186 1363; x_wconf 90' lang='lat' dir='ltr'>culpa</span> <span class='ocrx_word' id='word_1_154' title='bbox 1211 1321 1355 1362; x_wconf 88' lang='lat' dir='ltr'>duorum,</span> 
     </span>
     <span class='ocr_line' id='line_1_25' title="bbox 478 1365 1274 1410; baseline 0.006 -13"><span class='ocrx_word' id='word_1_155' title='bbox 478 1366 565 1406; x_wconf 88' lang='lat' dir='ltr'>Ergo</span> <span class='ocrx_word' id='word_1_156' title='bbox 590 1366 669 1397; x_wconf 90' lang='lat' dir='ltr'>mihi</span> <span class='ocrx_word' id='word_1_157' title='bbox 693 1366 753 1399; x_wconf 88' lang='lat' dir='ltr'>soli</span> <span class='ocrx_word' id='word_1_158' title='bbox 782 1376 863 1410; x_wconf 84' lang='lat' dir='ltr'>„non</span> <span class='ocrx_word' id='word_1_159' title='bbox 888 1365 1036 1407; x_wconf 87' lang='lat' dir='ltr'>possum“</span> <span class='ocrx_word' id='word_1_160' title='bbox 1068 1369 1175 1401; x_wconf 90' lang='lat' dir='ltr'>dicere</span> <span class='ocrx_word' id='word_1_161' title='bbox 1198 1369 1274 1404; x_wconf 89' lang='lat' dir='ltr'>noli.</span> 
     </span>
    </p>

    <p class='ocr_par' dir='ltr' id='par_1_12' title="bbox 481 1413 1395 1499">
     <span class='ocr_line' id='line_1_26' title="bbox 481 1413 1395 1458; baseline 0.003 -13"><span class='ocrx_word' id='word_1_162' title='bbox 481 1414 546 1446; x_wconf 88' lang='lat' dir='ltr'>Par</span> <span class='ocrx_word' id='word_1_163' title='bbox 570 1413 629 1445; x_wconf 88' lang='lat' dir='ltr'>tibi</span> <span class='ocrx_word' id='word_1_164' title='bbox 653 1414 803 1446; x_wconf 86' lang='lat' dir='ltr'>maiestas</span> <span class='ocrx_word' id='word_1_165' title='bbox 829 1418 861 1446; x_wconf 90' lang='lat' dir='ltr'>et</span> <span class='ocrx_word' id='word_1_166' title='bbox 884 1415 990 1447; x_wconf 84' lang='lat' dir='ltr'>adhuc</span> <span class='ocrx_word' id='word_1_167' title='bbox 1013 1420 1122 1448; x_wconf 91' lang='lat' dir='ltr'>manet</span> <span class='ocrx_word' id='word_1_168' title='bbox 1144 1417 1217 1457; x_wconf 89' lang='lat' dir='ltr'>ipsa</span> <span class='ocrx_word' id='word_1_169' title='bbox 1240 1419 1395 1458; x_wconf 73' lang='lat' dir='ltr'>potestas,</span> 
     </span>
     <span class='ocr_line' id='line_1_27' title="bbox 483 1461 1289 1499; baseline 0.007 -7"><span class='ocrx_word' id='word_1_170' title='bbox 483 1461 563 1493; x_wconf 84' lang='lat' dir='ltr'>Post</span> <span class='ocrx_word' id='word_1_171' title='bbox 585 1464 709 1493; x_wconf 81' lang='lat' dir='ltr'>tantum</span> <span class='ocrx_word' id='word_1_172' title='bbox 732 1471 846 1494; x_wconf 88' lang='lat' dir='ltr'>munus</span> <span class='ocrx_word' id='word_1_173' title='bbox 869 1463 971 1495; x_wconf 86' lang='lat' dir='ltr'>levius</span> <span class='ocrx_word' id='word_1_174' title='bbox 996 1464 1174 1497; x_wconf 81' lang='lat' dir='ltr'>salvabitur</span> <span class='ocrx_word' id='word_1_175' title='bbox 1198 1474 1289 1499; x_wconf 77' lang='lat' dir='ltr'>unus,</span> 
     </span>
    </p>

    <p class='ocr_par' dir='ltr' id='par_1_13' title="bbox 398 1509 1366 1745">
     <span class='ocr_line' id='line_1_28' title="bbox 398 1509 1327 1557; baseline 0.004 -15"><span class='ocrx_word' id='word_1_176' title='bbox 398 1511 452 1543; x_wconf 87' lang='lat'>65.</span> <span class='ocrx_word' id='word_1_177' title='bbox 479 1509 549 1541; x_wconf 86' lang='lat' dir='ltr'>Nec</span> <span class='ocrx_word' id='word_1_178' title='bbox 572 1509 659 1541; x_wconf 90' lang='lat' dir='ltr'>dicas</span> <span class='ocrx_word' id='word_1_179' title='bbox 683 1512 792 1541; x_wconf 86' lang='lat' dir='ltr'>natum</span> <span class='ocrx_word' id='word_1_180' title='bbox 817 1509 936 1543; x_wconf 86' lang='lat' dir='ltr'>fessum</span> <span class='ocrx_word' id='word_1_181' title='bbox 959 1513 1025 1544; x_wconf 85' lang='lat' dir='ltr'>tam</span> <span class='ocrx_word' id='word_1_182' title='bbox 1051 1521 1148 1553; x_wconf 87' lang='lat' dir='ltr'>saepe</span> <span class='ocrx_word' id='word_1_183' title='bbox 1171 1516 1327 1557; x_wconf 84' lang='lat' dir='ltr'>rogatum,</span> 
     </span>
     <span class='ocr_line' id='line_1_29' title="bbox 478 1557 1338 1602; baseline 0.006 -13"><span class='ocrx_word' id='word_1_184' title='bbox 478 1557 557 1589; x_wconf 85' lang='lat' dir='ltr'>Vult</span> <span class='ocrx_word' id='word_1_185' title='bbox 579 1557 797 1589; x_wconf 83' lang='lat' dir='ltr'>mediatricem</span> <span class='ocrx_word' id='word_1_186' title='bbox 816 1557 903 1590; x_wconf 91' lang='lat' dir='ltr'>Deus</span> <span class='ocrx_word' id='word_1_187' title='bbox 929 1567 998 1591; x_wconf 87' lang='lat' dir='ltr'>esse</span> <span class='ocrx_word' id='word_1_188' title='bbox 1020 1569 1110 1592; x_wconf 90' lang='lat' dir='ltr'>suam</span> <span class='ocrx_word' id='word_1_189' title='bbox 1133 1562 1338 1602; x_wconf 84' lang='lat' dir='ltr'>genetricem,</span> 
     </span>
     <span class='ocr_line' id='line_1_30' title="bbox 486 1604 1170 1649; baseline 0.009 -14"><span class='ocrx_word' id='word_1_190' title='bbox 486 1604 546 1643; x_wconf 77' lang='lat' dir='ltr'>Qui</span> <span class='ocrx_word' id='word_1_191' title='bbox 571 1613 605 1636; x_wconf 91' lang='lat' dir='ltr'>se</span> <span class='ocrx_word' id='word_1_192' title='bbox 628 1604 761 1648; x_wconf 86' lang='lat' dir='ltr'>pulsari,</span> <span class='ocrx_word' id='word_1_193' title='bbox 786 1615 846 1645; x_wconf 91' lang='lat' dir='ltr'>pro</span> <span class='ocrx_word' id='word_1_194' title='bbox 868 1611 1038 1646; x_wconf 83' lang='lat' dir='ltr'>peccatore</span> <span class='ocrx_word' id='word_1_195' title='bbox 1062 1609 1170 1649; x_wconf 84' lang='lat' dir='ltr'>rogari</span> 
     </span>
     <span class='ocr_line' id='line_1_31' title="bbox 479 1651 1313 1696; baseline 0.008 -13"><span class='ocrx_word' id='word_1_196' title='bbox 479 1651 553 1684; x_wconf 84' lang='lat' dir='ltr'>Non</span> <span class='ocrx_word' id='word_1_197' title='bbox 576 1651 769 1696; x_wconf 81' lang='lat' dir='ltr'>indignatur,</span> <span class='ocrx_word' id='word_1_198' title='bbox 797 1653 855 1685; x_wconf 91' lang='lat' dir='ltr'>sed</span> <span class='ocrx_word' id='word_1_199' title='bbox 881 1663 952 1685; x_wconf 90' lang='lat' dir='ltr'>cum</span> <span class='ocrx_word' id='word_1_200' title='bbox 975 1656 1106 1696; x_wconf 88' lang='lat' dir='ltr'>petitur,</span> <span class='ocrx_word' id='word_1_201' title='bbox 1132 1657 1313 1691; x_wconf 87' lang='lat' dir='ltr'>miseratur.</span> 
     </span>
     <span class='ocr_line' id='line_1_32' title="bbox 479 1699 1366 1745; baseline 0.01 -16"><span class='ocrx_word' id='word_1_202' title='bbox 479 1699 540 1738; x_wconf 76' lang='lat' dir='ltr'>Qui</span> <span class='ocrx_word' id='word_1_203' title='bbox 562 1707 658 1740; x_wconf 86' lang='lat' dir='ltr'>super</span> <span class='ocrx_word' id='word_1_204' title='bbox 682 1703 845 1732; x_wconf 81' lang='lat' dir='ltr'>errantum</span> <span class='ocrx_word' id='word_1_205' title='bbox 868 1702 985 1742; x_wconf 77' lang='lat' dir='ltr'>gaudet</span> <span class='ocrx_word' id='word_1_206' title='bbox 1006 1705 1208 1737; x_wconf 81' lang='lat' dir='ltr'>revocamine</span> <span class='ocrx_word' id='word_1_207' title='bbox 1229 1708 1366 1745; x_wconf 81' lang='lat' dir='ltr'>tantum,</span> 
     </span>
    </p>

    <p class='ocr_par' dir='ltr' id='par_1_14' title="bbox 403 1747 1388 1929">
     <span class='ocr_line' id='line_1_33' title="bbox 403 1747 1388 1794; baseline 0.008 -16"><span class='ocrx_word' id='word_1_208' title='bbox 403 1747 456 1779; x_wconf 83' lang='lat'>¹70.</span> <span class='ocrx_word' id='word_1_209' title='bbox 481 1747 547 1786; x_wconf 76' lang='lat' dir='ltr'>Quo</span> <span class='ocrx_word' id='word_1_210' title='bbox 571 1747 743 1778; x_wconf 88' lang='lat' dir='ltr'>miserante</span> <span class='ocrx_word' id='word_1_211' title='bbox 768 1748 859 1780; x_wconf 90' lang='lat' dir='ltr'>bonis</span> <span class='ocrx_word' id='word_1_212' title='bbox 884 1758 953 1781; x_wconf 90' lang='lat' dir='ltr'>sors</span> <span class='ocrx_word' id='word_1_213' title='bbox 979 1754 1028 1782; x_wconf 85' lang='lat' dir='ltr'>est</span> <span class='ocrx_word' id='word_1_214' title='bbox 1051 1752 1220 1785; x_wconf 85' lang='lat' dir='ltr'>coniuncta</span> <span class='ocrx_word' id='word_1_215' title='bbox 1243 1753 1388 1794; x_wconf 66' lang='lat' dir='ltr'>latronis»,</span> 
     </span>
     <span class='ocr_line' id='line_1_34' title="bbox 482 1793 1302 1844; baseline 0.011 -20"><span class='ocrx_word' id='word_1_216' title='bbox 482 1794 542 1833; x_wconf 81' lang='lat' dir='ltr'>Qui</span> <span class='ocrx_word' id='word_1_217' title='bbox 566 1793 722 1826; x_wconf 86' lang='lat' dir='ltr'>Lazarum</span> <span class='ocrx_word' id='word_1_218' title='bbox 746 1793 844 1837; x_wconf 84' lang='lat' dir='ltr'>flevit,</span> <span class='ocrx_word' id='word_1_219' title='bbox 870 1797 1021 1831; x_wconf 87' lang='lat' dir='ltr'>triduana</span> <span class='ocrx_word' id='word_1_220' title='bbox 1044 1802 1147 1832; x_wconf 88' lang='lat' dir='ltr'>morte</span> <span class='ocrx_word' id='word_1_221' title='bbox 1173 1802 1302 1844; x_wconf 83' lang='lat' dir='ltr'>quievit,</span> 
     </span>
     <span class='ocr_line' id='line_1_35' title="bbox 481 1842 1365 1887; baseline 0.011 -15"><span class='ocrx_word' id='word_1_222' title='bbox 481 1842 608 1874; x_wconf 88' lang='lat' dir='ltr'>Praeda</span> <span class='ocrx_word' id='word_1_223' title='bbox 632 1842 841 1882; x_wconf 91' lang='lat' dir='ltr'>superborum</span> <span class='ocrx_word' id='word_1_224' title='bbox 867 1853 938 1877; x_wconf 90' lang='lat' dir='ltr'>cum</span> <span class='ocrx_word' id='word_1_225' title='bbox 963 1846 1004 1878; x_wconf 91' lang='lat' dir='ltr'>sit</span> <span class='ocrx_word' id='word_1_226' title='bbox 1029 1856 1088 1887; x_wconf 90' lang='lat' dir='ltr'>pro</span> <span class='ocrx_word' id='word_1_227' title='bbox 1112 1851 1216 1880; x_wconf 89' lang='lat' dir='ltr'>morte</span> <span class='ocrx_word' id='word_1_228' title='bbox 1239 1858 1365 1881; x_wconf 87' lang='lat' dir='ltr'>reorum</span> 
     </span>
     <span class='ocr_line' id='line_1_36' title="bbox 481 1888 1210 1929; baseline 0.012 -9"><span class='ocrx_word' id='word_1_229' title='bbox 481 1889 628 1921; x_wconf 88' lang='lat' dir='ltr'>Perlatae</span> <span class='ocrx_word' id='word_1_230' title='bbox 652 1888 745 1922; x_wconf 86' lang='lat' dir='ltr'>fortis</span> <span class='ocrx_word' id='word_1_231' title='bbox 769 1892 843 1924; x_wconf 91' lang='lat' dir='ltr'>Iesu</span> <span class='ocrx_word' id='word_1_232' title='bbox 869 1893 909 1924; x_wconf 82' lang='lat' dir='ltr'>tle</span> <span class='ocrx_word' id='word_1_233' title='bbox 932 1903 1063 1927; x_wconf 90' lang='lat' dir='ltr'>munere</span> <span class='ocrx_word' id='word_1_234' title='bbox 1086 1897 1210 1929; x_wconf 84' lang='lat' dir='ltr'>mortiS.</span> 
     </span>
    </p>

    <p class='ocr_par' dir='ltr' id='par_1_15' title="bbox 480 1936 1340 1986">
     <span class='ocr_line' id='line_1_37' title="bbox 480 1936 1340 1986; baseline 0.012 -18"><span class='ocrx_word' id='word_1_235' title='bbox 480 1936 569 1969; x_wconf 89' lang='lat' dir='ltr'>Dans</span> <span class='ocrx_word' id='word_1_236' title='bbox 594 1938 711 1970; x_wconf 89' lang='lat' dir='ltr'>mundo</span> <span class='ocrx_word' id='word_1_237' title='bbox 736 1948 846 1979; x_wconf 86' lang='lat' dir='ltr'>pacem</span> <span class='ocrx_word' id='word_1_238' title='bbox 871 1939 923 1973; x_wconf 87' lang='lat' dir='ltr'>fac</span> <span class='ocrx_word' id='word_1_239' title='bbox 946 1951 1007 1983; x_wconf 88' lang='lat' dir='ltr'>me,</span> <span class='ocrx_word' id='word_1_240' title='bbox 1033 1944 1152 1985; x_wconf 86' lang='lat' dir='ltr'>regina,</span> <span class='ocrx_word' id='word_1_241' title='bbox 1181 1954 1340 1986; x_wconf 83' lang='lat' dir='ltr'>capacem,</span> 
     </span>
    </p>

    <p class='ocr_par' dir='ltr' id='par_1_16' title="bbox 401 1983 1319 2081">
     <span class='ocr_line' id='line_1_38' title="bbox 401 1983 1316 2035; baseline 0.012 -19"><span class='ocrx_word' id='word_1_242' title='bbox 401 1985 454 2017; x_wconf 84' lang='lat'>75.</span> <span class='ocrx_word' id='word_1_243' title='bbox 482 1983 609 2025; x_wconf 85' lang='lat' dir='ltr'>Simque</span> <span class='ocrx_word' id='word_1_244' title='bbox 633 1987 870 2028; x_wconf 78' lang='lat' dir='ltr'>redemptorum</span> <span class='ocrx_word' id='word_1_245' title='bbox 894 1998 953 2029; x_wconf 84' lang='lat' dir='ltr'>per</span> <span class='ocrx_word' id='word_1_246' title='bbox 977 1992 1009 2022; x_wconf 86' lang='lat' dir='ltr'>te</span> <span class='ocrx_word' id='word_1_247' title='bbox 1034 1992 1172 2025; x_wconf 90' lang='lat' dir='ltr'>concivis</span> <span class='ocrx_word' id='word_1_248' title='bbox 1198 2002 1316 2035; x_wconf 88' lang='lat' dir='ltr'>eorum,</span> 
     </span>
     <span class='ocr_line' id='line_1_39' title="bbox 482 2032 1319 2081; baseline 0.014 -18"><span class='ocrx_word' id='word_1_249' title='bbox 482 2032 546 2064; x_wconf 88' lang='lat' dir='ltr'>Pro</span> <span class='ocrx_word' id='word_1_250' title='bbox 572 2033 684 2072; x_wconf 87' lang='lat' dir='ltr'>quibus</span> <span class='ocrx_word' id='word_1_251' title='bbox 710 2037 759 2066; x_wconf 90' lang='lat' dir='ltr'>est</span> <span class='ocrx_word' id='word_1_252' title='bbox 780 2036 869 2068; x_wconf 90' lang='lat' dir='ltr'>Iesus</span> <span class='ocrx_word' id='word_1_253' title='bbox 893 2039 1021 2070; x_wconf 86' lang='lat' dir='ltr'>mortali</span> <span class='ocrx_word' id='word_1_254' title='bbox 1045 2048 1179 2081; x_wconf 88' lang='lat' dir='ltr'>corpore</span> <span class='ocrx_word' id='word_1_255' title='bbox 1203 2042 1319 2076; x_wconf 81' lang='lat' dir='ltr'>laesuS.</span> 
     </span>
    </p>
   </div>
   <div class='ocr_carea' id='block_1_3' title="bbox 209 2095 1513 2162">
    <p class='ocr_par' dir='ltr' id='par_1_17' title="bbox 209 2095 1513 2162">
     <span class='ocr_line' id='line_1_40' title="bbox 209 2095 1513 2162; baseline 0.013 -41"><span class='ocrx_word' id='word_1_256' title='bbox 209 2134 280 2162; x_wconf 57' lang='lat' dir='ltr'>EGO]</span> <span class='ocrx_word' id='word_1_257' title='bbox 289 2095 369 2160; x_wconf 50' lang='grc' dir='ltr'>Οέἢῆξ.</span> <span class='ocrx_word' id='word_1_258' title='bbox 397 2105 448 2124; x_wconf 89' lang='lat' dir='ltr'>ms.</span> <span class='ocrx_word' id='word_1_259' title='bbox 479 2097 590 2125; x_wconf 89' lang='lat' dir='ltr'>Domus</span> <span class='ocrx_word' id='word_1_260' title='bbox 615 2099 718 2127; x_wconf 81' lang='lat' dir='ltr'>Novae</span> <span class='ocrx_word' id='word_1_261' title='bbox 741 2100 831 2129; x_wconf 84' lang='lat' dir='ltr'>Lucis</span> <span class='ocrx_word' id='word_1_262' title='bbox 857 2104 927 2130; x_wconf 84' lang='lat' dir='ltr'>anni</span> <span class='ocrx_word' id='word_1_263' title='bbox 954 2102 1036 2132; x_wconf 82' lang='lat'>1477.</span> <span class='ocrx_word' id='word_1_264' title='bbox 1082 2106 1151 2134; x_wconf 87' lang='lat' dir='ltr'>Cod.</span> <span class='ocrx_word' id='word_1_265' title='bbox 1179 2107 1366 2136; x_wconf 86' lang='lat' dir='ltr'>Ultraiectin.</span> <span class='ocrx_word' id='word_1_266' title='bbox 1394 2108 1513 2146; x_wconf 83' lang='lat' dir='ltr'>Scriptt.</span> 
     </span>
    </p>
   </div>
   <div class='ocr_carea' id='block_1_4' title="bbox 653 2239 1059 2276">
    <p class='ocr_par' dir='ltr' id='par_1_18' title="bbox 653 2239 1059 2276">
     <span class='ocr_line' id='line_1_41' title="bbox 653 2239 1059 2276; baseline 0.01 -6"><span class='ocrx_word' id='word_1_267' title='bbox 653 2239 697 2272; x_wconf 90' lang='lat'>60.</span> <span class='ocrx_word' id='word_1_268' title='bbox 728 2240 770 2272; x_wconf 88' lang='lat' dir='ltr'>De</span> <span class='ocrx_word' id='word_1_269' title='bbox 789 2241 886 2273; x_wconf 81' lang='lat' dir='ltr'>beata</span> <span class='ocrx_word' id='word_1_270' title='bbox 903 2242 1004 2275; x_wconf 83' lang='lat' dir='ltr'>Maria</span> <span class='ocrx_word' id='word_1_271' title='bbox 1024 2244 1059 2276; x_wconf 92' lang='lat' dir='ltr'>V.</span> 
     </span>
    </p>
   </div>
   <div class='ocr_carea' id='block_1_5' title="bbox 225 2315 1460 2464">
    <p class='ocr_par' dir='ltr' id='par_1_19' title="bbox 225 2315 1460 2464">
     <span class='ocr_line' id='line_1_42' title="bbox 225 2315 1388 2374; baseline 0.016 -27"><span class='ocrx_word' id='word_1_272' title='bbox 225 2317 256 2352; x_wconf 85' lang='lat'>1.</span> <span class='ocrx_word' id='word_1_273' title='bbox 284 2315 404 2356; x_wconf 83' lang='lat' dir='ltr'>Gaude,</span> <span class='ocrx_word' id='word_1_274' title='bbox 430 2319 532 2348; x_wconf 85' lang='lat' dir='ltr'>mater</span> <span class='ocrx_word' id='word_1_275' title='bbox 556 2318 735 2361; x_wconf 88' lang='lat' dir='ltr'>salvatoris,</span> <span class='ocrx_word' id='word_1_276' title='bbox 904 2324 936 2355; x_wconf 87' lang='lat'>2.</span> <span class='ocrx_word' id='word_1_277' title='bbox 963 2323 1067 2367; x_wconf 89' lang='lat' dir='ltr'>Salve,</span> <span class='ocrx_word' id='word_1_278' title='bbox 1094 2334 1167 2358; x_wconf 88' lang='lat' dir='ltr'>rosa</span> <span class='ocrx_word' id='word_1_279' title='bbox 1191 2327 1261 2361; x_wconf 91' lang='lat' dir='ltr'>sine</span> <span class='ocrx_word' id='word_1_280' title='bbox 1285 2332 1388 2374; x_wconf 89' lang='lat' dir='ltr'>spina,</span> 
     </span>
     <span class='ocr_line' id='line_1_43' title="bbox 327 2364 1385 2421; baseline 0.017 -25"><span class='ocrx_word' id='word_1_281' title='bbox 327 2364 434 2396; x_wconf 90' lang='lat' dir='ltr'>Mater</span> <span class='ocrx_word' id='word_1_282' title='bbox 458 2364 633 2406; x_wconf 89' lang='lat' dir='ltr'>salutifera,</span> <span class='ocrx_word' id='word_1_283' title='bbox 1008 2372 1112 2413; x_wconf 84' lang='lat' dir='ltr'>Salve,</span> <span class='ocrx_word' id='word_1_284' title='bbox 1139 2374 1227 2407; x_wconf 89' lang='lat' dir='ltr'>Iesse</span> <span class='ocrx_word' id='word_1_285' title='bbox 1252 2378 1385 2421; x_wconf 87' lang='lat' dir='ltr'>virgula,</span> 
     </span>
     <span class='ocr_line' id='line_1_44' title="bbox 284 2411 1460 2464; baseline 0.018 -21"><span class='ocrx_word' id='word_1_286' title='bbox 284 2411 364 2453; x_wconf 88' lang='lat' dir='ltr'>Spes</span> <span class='ocrx_word' id='word_1_287' title='bbox 389 2412 494 2444; x_wconf 89' lang='lat' dir='ltr'>Maria</span> <span class='ocrx_word' id='word_1_288' title='bbox 518 2414 707 2455; x_wconf 87' lang='lat' dir='ltr'>peccatoris,</span> <span class='ocrx_word' id='word_1_289' title='bbox 961 2419 1057 2452; x_wconf 88' lang='lat' dir='ltr'>Cuius</span> <span class='ocrx_word' id='word_1_290' title='bbox 1081 2419 1203 2454; x_wconf 83' lang='lat' dir='ltr'>fructus</span> <span class='ocrx_word' id='word_1_291' title='bbox 1228 2428 1331 2459; x_wconf 87' lang='lat' dir='ltr'>nostri</span> <span class='ocrx_word' id='word_1_292' title='bbox 1355 2430 1460 2464; x_wconf 83' lang='lat' dir='ltr'>luctus</span> 
     </span>
    </p>
   </div>
   <div class='ocr_carea' id='block_1_6' title="bbox 331 2460 1346 2507">
    <p class='ocr_par' dir='ltr' id='par_1_20' title="bbox 331 2460 1346 2507">
     <span class='ocr_line' id='line_1_45' title="bbox 331 2460 1346 2507; baseline 0.013 -13"><span class='ocrx_word' id='word_1_293' title='bbox 331 2460 428 2502; x_wconf 86' lang='lat' dir='ltr'>Virgo</span> <span class='ocrx_word' id='word_1_294' title='bbox 454 2463 486 2493; x_wconf 86' lang='lat' dir='ltr'>et</span> <span class='ocrx_word' id='word_1_295' title='bbox 509 2470 675 2502; x_wconf 87' lang='lat' dir='ltr'>puerpera.</span> <span class='ocrx_word' id='word_1_296' title='bbox 1006 2466 1180 2501; x_wconf 84' lang='lat' dir='ltr'>Relaxavit</span> <span class='ocrx_word' id='word_1_297' title='bbox 1205 2473 1346 2507; x_wconf 85' lang='lat' dir='ltr'>crimina.</span> 
     </span>
    </p>
   </div>
  </div>
 </body>
</html>
