1651 2700
142 210 198 243 43.

140 418 196 450 44.

139 624 195 656 45.

138 829 194 860 46.

137 1240 193 1272 48.

134 1446 189 1478 49.

132 1646 186 1678 50.

131 1853 185 1885 51.

126 2060 181 2092 52.

124 2267 180 2300 53.

665 116 898 152 -31-..

225 206 316 243 Inter
340 210 427 243 bella
450 221 510 252 pro
534 221 586 244 me
609 212 695 246 bella

274 257 386 291 Carnis
407 259 629 293 immunditiae

226 306 344 338 Versus
371 310 486 347 castra,
511 311 547 340 tu
571 318 623 342 me
644 312 750 342 castra

269 353 373 387 Ferro
399 356 583 394 pudicitiae.

224 413 273 450 Ne
297 417 431 449 subtiles
455 427 540 450 nunc
563 419 696 451 hostiles

274 464 420 497 incidam
440 467 474 498 in
498 466 616 504 foveas,

223 511 317 545 Meos
341 522 468 553 gressus
493 515 533 546 ad
561 523 746 556 congressus

273 560 403 601 Pugnae
427 570 513 602 rege,
543 560 661 594 foveas.

223 619 304 656 Meis
331 623 424 661 dona,
452 624 540 664 virgo
566 624 657 668 bona,

272 671 387 703 Pacem
414 670 622 713 debitoribus,

225 717 367 750 Caritate
391 719 482 751 bonis
507 728 527 750 a
550 722 584 750 te

270 766 431 798 Ornentur
454 769 486 798 et
510 767 658 799 moribus.

223 824 325 869 Virgo
350 837 442 869 pura,
471 838 522 860 me
545 828 603 861 sub
630 839 706 862 cura

271 876 332 908 Tui
356 885 442 908 nunc
466 876 627 916 regiminis

220 923 288 955 Fac
297 924 477 965 benignum,
493 924 612 957 Christi
622 926 751 966 dignum

268 971 420 1012 Corporis
446 975 478 1004 et
502 974 674 1013 sanguinis..

187 1059 194 1066 .
221 1030 327 1074 Larga
348 1036 461 1075 mater,
487 1034 547 1066 tibi
571 1038 664 1074 pater

266 1081 351 1114 Doni
375 1082 607 1122 plenitudinem

219 1127 419 1169 Procuravit‚
446 1139 517 1163 cum
542 1131 669 1164 sanavit

268 1177 332 1209 Per
363 1181 396 1209 te
420 1178 557 1217 primum
581 1178 749 1214 hominem.

219 1235 318 1282 lacta,
345 1248 472 1280 quaeso,
497 1240 576 1272 mihi
598 1242 685 1274 laeso

267 1287 396 1319 Partem
420 1289 641 1331 plenitudinis,

219 1333 269 1365 Ne
293 1333 418 1367 inferno
442 1337 476 1368 in
501 1339 630 1369 aeterno

264 1381 392 1415 Laedar
415 1387 510 1416 vento
536 1384 681 1416 turbinis.

217 1441 411 1485 Exstirpare
435 1449 469 1477 tu
496 1446 637 1490 dignare,

263 1492 371 1524 Mater
397 1494 464 1525 veri
488 1494 627 1536 luminis,

213 1540 292 1572 Nati
318 1540 432 1572 dextra
455 1542 552 1582 intus,
580 1546 671 1575 extra

264 1587 400 1620 Sordem
423 1589 487 1621 mei
513 1590 664 1624 criminis,

212 1642 287 1678 Rex
313 1646 409 1686 elegit
431 1650 474 1688 te,
501 1647 555 1687 qui
579 1649 661 1689 regit

261 1692 476 1734 Super-norum
503 1696 638 1739 agmina,

215 1741 293 1774 Cum
319 1751 380 1782 quo
407 1743 537 1784 gaudes,
566 1745 615 1776 cui
631 1745 744 1777 laudes

261 1789 385 1822 Promis
410 1794 506 1831 atque
532 1793 681 1825 carmina.

213 1848 405 1896 Iucundare‚
433 1862 514 1894 quae
538 1857 668 1894 portare

258 1900 408 1932 Meruisti
432 1902 614 1942 Dominum,

212 1947 270 1987 Qui
295 1949 422 1981 sanavit
446 1953 476 1981 et
501 1950 637 1983 salvavit

257 1995 320 2028 Per
343 1999 377 2028 te
399 2006 498 2037 genus
520 1998 692 2033 hominum.

209 2055 313 2092 Beata
338 2068 371 2090 es
395 2060 557 2100 millesies,

256 2106 332 2139 Plus
358 2116 452 2147 quam
480 2108 544 2141 dici
571 2110 685 2146 valeat.

205 2154 325 2188 Natum
350 2165 416 2194 ora,
443 2160 479 2188 ut
501 2157 536 2188 in
558 2156 638 2190 hora

253 2204 319 2237 Mei
347 2213 456 2236 curam
481 2204 608 2240 habeat.

208 2262 319 2308 Virgo,
348 2267 441 2309 dona,
467 2277 552 2300 nunc
576 2271 613 2301 ut
638 2269 720 2301 bona

253 2313 419 2347 Seminare
441 2319 595 2358 satagam,

205 2363 301 2403 Virga
326 2364 423 2403 Iesse,
450 2368 486 2397 ut
509 2365 543 2397 in
568 2375 671 2398 messe

252 2412 330 2445 Cum
357 2413 467 2446 electis
494 2414 651 2456 colligam.

830 213 885 246 54.
912 209 1097 253 Spiritalem
1122 215 1295 255 nuptialem

830 419 884 450 55.

827 623 881 655 56.

826 832 880 863 57.

824 1037 879 1069 58.

821 1241 875 1274 59.

821 1447 875 1479 60.

819 1653 871 1685 61-

817 1859 873 1891 62.

815 2066 870 2097 63.

812 2272 867 2305 64.

956 261 1089 294 Vestem
1119 263 1160 294 da
1183 272 1242 303 per
1266 262 1375 305 filium,

910 309 959 341 Ne
984 309 1119 342 seducar
1143 311 1194 342 vel
1217 311 1378 350 perducar

955 357 1070 389 Mortis
1096 358 1138 389 ad
1162 359 1317 392 exsilium.

911 416 965 460 Et,
992 416 1051 450 flos
1075 419 1176 460 verni,
1202 423 1238 451 ut
1261 421 1379 453 interni

955 466 1062 498 Fruar
1087 467 1169 498 dono
1193 467 1310 507 gaudii,

909 514 1014 553 Purga
1035 517 1181 558 mentem,
1208 516 1286 547 tolle
1312 515 1437 547 dentem

956 561 1089 594 Furoris
1115 565 1146 594 et
1167 563 1243 596 odii.

910 621 1102 664 Temporali,
1130 624 1290 666 corporali

953 670 1009 702 Me
1033 681 1117 704 nunc
1140 681 1243 712 poena
1268 674 1403 716 corripe,

908 718 1006 758 Virgo
1030 718 1123 762 lenis,
1153 721 1211 753 sed
1235 730 1254 752 a
1278 721 1388 760 poenis

952 766 1009 797 Me
1030 772 1106 808 post:
1128 771 1263 800 mortem
1288 768 1385 809 eripe.

908 829 1094 871 Benedicta,
1120 834 1156 862 tu
1178 831 1309 870 invicta,

953 879 1003 911 Tu
1028 889 1060 911 es
1086 879 1204 911 sanctis
1229 878 1379 912 sanctior.

904 926 976 958 Lux
1003 927 1120 966 divina,
1147 929 1181 957 ut
1207 926 1337 958 cedrina

954 974 1083 1007 Cunctis
1109 973 1204 1005 arbor
1229 974 1333 1007 altior.

904 1032 1060 1069 Estivalis
1086 1039 1119 1067 et
1136 1036 1275 1068 vernalis

950 1084 1001 1116 Tu
1023 1084 1104 1116 lucis
1125 1083 1309 1118 amoenitas.

903 1131 1043 1165 Pulchra
1054 1130 1177 1173 florum,
1195 1132 1290 1163 decus
1299 1139 1432 1170 morum,

951 1179 1001 1212 Tu
1026 1180 1174 1212 virtutum
1203 1180 1341 1213 claritas,

900 1238 993 1275 Nunc
1016 1240 1070 1274 fac
1093 1244 1180 1273 recto
1207 1245 1237 1273 et
1264 1240 1409 1281 perfecto

949 1290 1140 1322 Incedamus
1162 1289 1300 1327 tramite,

904 1336 950 1370 Ut
974 1337 1016 1369 ad
1043 1338 1171 1369 chorum
1196 1345 1405 1377 supernorum

949 1385 996 1417 Te
1023 1386 1176 1417 ducamur
1201 1385 1323 1417 comite.

903 1443 992 1480 Evae
1015 1447 1119 1479 luctus
1144 1447 1239 1486 pellit
1262 1445 1384 1478 fructus

948 1494 1010 1526 Tui
1033 1495 1165 1534 ventris,
1194 1494 1329 1530 domina,

897 1542 983 1574 Dum
995 1551 1055 1582 per
1065 1551 1189 1574 crucem
1202 1542 1319 1574 mundo
1327 1543 1431 1574 lucem

946 1590 1013 1622 Dat
1035 1591 1172 1623 lavando
1199 1590 1341 1624 crimina.

900 1650 1041 1686 Deviare
1066 1653 1116 1685 vel
1142 1661 1249 1685 errare

945 1700 1002 1732 Me
1025 1710 1088 1733 non
1113 1701 1209 1743 sinas,
1233 1699 1311 1740 filia,

898 1747 949 1780 Ne
973 1757 1131 1788 supernae
1156 1752 1188 1781 et
1211 1752 1360 1781 aeternae

946 1796 1060 1829 Priver
1083 1797 1170 1830 vitae
1193 1796 1306 1838 gloria.

898 1854 1153 1900 Impraegnaris,
1179 1868 1289 1891 verum
1312 1859 1400 1900 paris

945 1906 1048 1939 Deum
1073 1916 1196 1940 necnon
1221 1907 1390 1947 hominem,

895 1955 955 1995 Qui
980 1955 1013 1986 in
1039 1956 1127 1987 eaelo
1154 1956 1240 1988 dulci
1263 1955 1333 1988 zelo

942 2003 990 2035 Te
1014 2006 1145 2036 coronat
1167 2004 1333 2045 virginem.

898 2062 1071 2106 castitatis,
1098 2067 1277 2099 sanctitatis

941 2114 986 2146 Et
1008 2115 1160 2147 virtutum
1186 2114 1263 2155 filia,

893 2161 1017 2194 Lumen
1043 2163 1163 2196 clarum
1188 2167 1223 2196 tu
1244 2166 1426 2195 sanctarum

940 2210 986 2243 Et
1009 2215 1191 2244 sanctorum
1217 2211 1329 2253 gloria.

894 2270 965 2307 Tua
988 2273 1059 2315 lege
1084 2274 1131 2306 sic
1155 2283 1206 2307 me
1230 2282 1306 2314 rege

940 2322 979 2354 In
1004 2321 1065 2354 hac
1090 2322 1156 2354 vita
1179 2322 1330 2362 positum,

893 2370 957 2402 Vas
985 2370 1121 2411 decoris,
1150 2373 1187 2402 ut
1211 2369 1330 2402 furoris

938 2418 1083 2452 Evadam
1109 2418 1283 2452 interitum.
