1651 2700
670 130 904 166 —61-

146 225 200 258 18.
228 224 309 266 Ave,
335 224 434 259 fidem
459 236 540 268 quae
563 229 723 261 sustentas

278 274 441 308 Passionis
466 276 574 309 triduo

231 322 388 363 Hancque
412 324 480 356 sola
505 326 726 364 repraesentas

278 369 422 403 Fervore
448 372 605 416 continuo,

230 417 330 449 Modo
355 418 504 451 haereses
529 420 674 452 inventas

278 465 332 497 Sic
357 466 442 498 elide
465 467 577 506 denuo,

231 513 277 546 Ut
302 513 359 546 has
385 514 466 546 fides
491 515 691 547 turbulentas

278 561 409 594 Devitet
429 566 595 603 perpetuo.

149 628 203 662 19.
230 629 312 668 Ave,
343 629 428 662 laeta
450 638 544 662 versa
568 630 648 668 vice,

277 677 412 716 Quando
435 678 539 709 nostri
565 677 691 718 generis

232 724 325 757 Salus
349 734 444 757 manu
471 734 542 756 cum
567 724 700 756 victrice

278 771 388 803 Rediit
412 772 451 804 ab
476 771 600 811 inferis,

230 818 328 851 Unde
351 822 442 859 patet
466 820 616 851 cicatrice

278 867 356 899 Visa
380 867 429 899 sui
453 868 573 907 lateris,

235 914 325 953 Quod
350 924 409 955 pro
433 915 530 955 plebe
551 914 732 955 peccatrice

280 962 419 995 Poenam
444 963 519 994 tulit
542 961 674 994 funeris.

150 1030 206 1062 20.
232 1030 314 1070 Ave,
342 1030 454 1062 videns
480 1038 594 1070 corpus
618 1029 705 1061 idem

280 1077 415 1109 Factum
439 1078 648 1119 impassibile,

231 1125 323 1165 Quod
342 1126 382 1157 de
396 1129 429 1157 te
442 1126 615 1166 assumpsit
625 1125 763 1165 pridem,

280 1173 445 1205 Scandens
473 1174 594 1205 caelum
619 1173 712 1214 agile,

231 1220 374 1253 Creatori
398 1222 463 1253 tale
487 1222 615 1261 quidem

283 1269 443 1309 Competit
466 1269 623 1311 mirabile,

231 1316 304 1348 Non
329 1320 454 1357 natura,
481 1317 538 1349 sed
563 1326 622 1357 per
645 1315 742 1348 fidem

285 1364 438 1404 Cuiquam
466 1365 629 1398 credibile.

145 1430 201 1464 21.
228 1432 310 1467 Ave,
338 1431 442 1463 caelos
463 1440 543 1471 quae
560 1431 762 1463 transcendis

277 1478 424 1519 Singulos
448 1488 508 1519 per
533 1479 687 1517 ordinem,

228 1526 293 1558 Dei
323 1526 424 1558 donec
448 1526 665 1568 apprehendis

272 1574 393 1606 Throni
421 1575 648 1607 celsitudinem.

915 227 980 260 Ubi
1003 227 1120 268 iugiter
1143 226 1284 258 intendis

962 276 1000 308 In
1030 275 1096 307 eius
1120 274 1299 315 imaginem,

918 324 1015 364 Quem
1047 331 1106 363 pro
1131 321 1224 353 nobis
1249 322 1444 354 redimendis

963 370 1109 403 Genuisti
1133 369 1300 402 hominem.

833 439 888 472 22.
916 439 996 480 Ave,
1023 445 1103 478 quae
1127 437 1192 469 iam
1216 436 1285 468 Deo
1308 437 1413 476 plena,

964 486 1028 519 Sed
1052 485 1146 517 modo
1170 484 1364 526 plenissima,

915 534 1079 574 Quondam
1105 532 1266 573 particeps
1280 532 1313 563 in
1329 540 1442 575 poena,

963 582 1057 613 Nunc
1083 580 1227 620 regnanti
1251 580 1406 620 proxima,

916 629 1037 661 Rostra
1062 628 1147 660 canit
1170 630 1202 659 te
1228 636 1387 660 camoena.

963 677 1092 709 Laudat
1113 684 1176 707 vox
1201 678 1233 707 et
1258 675 1374 708 anima..

920 724 1000 763 Quia,
1023 728 1058 756 tu
1084 732 1116 754 es
1142 723 1228 755 vitae
1252 731 1335 756 vena

962 772 1135 811 Laudeque
1161 771 1356 811 dignissima.

834 839 888 871 23.
912 838 1009 881 Ergo,
1035 840 1090 879 pia
1114 840 1216 870 mater
1240 837 1312 873 Dei*

963 886 1091 919 Laudes
1115 885 1173 917 has
1198 886 1360 925 suscipito,

916 934 999 973 Quas
1023 933 1150 965 innixus
1178 933 1217 965 de
1241 937 1274 964 te
1303 933 1366 973 spei

962 982 1048 1014 Reus
1074 980 1133 1012 tibi
1158 981 1267 1022 recito,

916 1030 971 1062 Me
995 1031 1101 1061 reatus
1126 1028 1245 1060 rodunt
1267 1029 1329 1059 mei

964 1077 1077 1111 Cordis
1102 1076 1135 1107 in
1158 1075 1354 1119 abscondito,

915 1125 979 1158 Sed
1003 1124 1163 1157 medelam
1184 1123 1277 1155 huius
1302 1124 1351 1155 rei

962 1174 1063 1206 Ratus
1088 1174 1121 1203 te
1145 1171 1295 1212 recogito.

834 1242 889 1274 24.
917 1241 1020 1274 Credo
1030 1247 1174 1279 namque,
1186 1239 1271 1279 quod
1279 1239 1443 1280 nonporit,

964 1288 1198 1328 Qualiscunque
1223 1285 1330 1328 fuerit,

916 1336 976 1375 Qui
1000 1335 1167 1368 commissa
1190 1332 1296 1366 fiendo
1321 1335 1399 1366 terit

960 1384 1005 1416 Et
1027 1391 1163 1424 peccare
1188 1382 1315 1423 deserit,

915 1432 980 1465 Sed
1004 1432 1032 1463 si
1056 1435 1089 1463 te
1115 1430 1229 1462 devote
1253 1433 1377 1470 quaerit

962 1480 1085 1520 Tuique
1109 1478 1298 1519 meminerit,

912 1527 950 1560 In
976 1530 1138 1559 aeternum
1164 1526 1270 1558 salvus
1296 1527 1357 1558 erit

962 1575 1030 1607 Nec
1054 1574 1161 1615 perire
1185 1574 1313 1613 poterit.

212 1648 281 1677 Cod.
301 1650 465 1678 Londinen.
486 1651 557 1687 Reg.
581 1650 598 1678 7
618 1650 644 1678 A
664 1650 715 1678 VI.
736 1658 811 1678 saec.
833 1648 907 1678 1⁴45.
928 1666 965 1670 —
985 1650 1011 1686 7,
1026 1650 1043 1679 6
1057 1650 1213 1686 Erg'anzen
1233 1653 1266 1678 '111
1285 1652 1387 1678 invio?
1407 1666 1435 1670 --

135 1687 178 1722 12,
204 1687 224 1715 4
243 1689 365 1723 Auct0r3
386 1688 435 1716 die
455 1689 480 1717 F
481 1698 542 1717 orm
564 1692 646 1717 actor
665 1688 775 1716 fordert
794 1689 846 1717 das
866 1689 1043 1726 Wortspi013
1064 1691 1109 1718 est
1127 1688 1208 1717 fehlt.

584 1801 630 1833 39.
660 1800 704 1832 De
722 1801 816 1833 beata
836 1800 937 1833 Maria
958 1801 994 1832 V.

142 1882 172 1914 1.
198 1881 279 1922 Ave,
305 1882 395 1922 virgo
421 1882 602 1923 singularis,

198 1928 313 1961 Mundi
337 1932 449 1969 portus
475 1931 624 1963 salutaris

247 1977 409 2017 Singulari
434 1978 545 2018 gloria,

199 2025 297 2058 Porta
322 2026 399 2058 solis
424 2026 566 2064 orientis,

201 2072 296 2106 Orbis
321 2074 411 2106 sidus
437 2075 613 2107 occidentis

245 2121 385 2162 Speciali
411 2123 524 2163 gratia.

138 2191 169 2223 2.
197 2190 372 2222 Paradisus
394 2190 569 2230 voluptatis

196 2237 434 2279 Thalamusque
459 2239 625 2282 castitatis,

244 2285 333 2319 Cella
358 2287 581 2328 pigmentaria,

192 2333 314 2367 Hortus
341 2335 477 2376 clausus,
503 2334 574 2368 fons
600 2334 751 2375 signatus,

192 2384 281 2424 Ager
303 2381 430 2424 florens,
457 2384 610 2425 irrigatus

240 2431 388 2473 Spiritali
411 2433 531 2474 pluvia.

828 1883 859 1916 3.
885 1883 1011 1916 Rorans
1036 1882 1137 1915 vellus
1165 1882 1325 1916 Gedeonis

884 1930 1118 1972 Ferculumque
1143 1930 1331 1973 Salomonis,

932 1980 1128 2020 Angelorum
1155 1979 1267 2020 gloria,

882 2026 1002 2059 Domus
1028 2027 1099 2070 Dei,
1127 2036 1220 2067 quam
1245 2026 1402 2060 fundavit.

886 2076 924 2108 In
949 2085 1011 2116 qua
1036 2076 1183 2108 thronum
1213 2076 1382 2108 collocavit

933 2124 1039 2156 Patris
1065 2124 1234 2164 sapientia.

826 2193 859 2225 4.
884 2191 965 2230 Ave,
992 2201 1066 2225 rosa
1091 2191 1186 2231 spina.
1210 2200 1331 2233 carens,

886 2240 985 2281 Virga
1009 2241 1106 2282 Iesse,
1134 2239 1222 2279 virgo
1247 2248 1375 2281 parens,

933 2288 1003 2320 Viri
1027 2292 1133 2321 tamen
1158 2287 1276 2329 nescia,

882 2336 939 2380 Tu,
967 2337 1088 2378 regina,
1113 2344 1221 2377 regem
1244 2335 1341 2378 paris,

884 2384 980 2418 Cuius
1006 2385 1074 2418 sola
1098 2383 1292 2423 nuncuparis

930 2432 1064 2477 Sponsa,
1090 2434 1203 2474 mater,
1230 2430 1308 2465 filia.
