1651 2700
678 124 939 160 —161—

166 218 198 249 5.
223 216 308 248 Dum
333 218 493 250 Assuerus
518 218 666 260 imperat,
855 223 886 256 6.
910 221 1008 264 Ergo,
1036 221 1137 254 dulcis
1165 221 1301 265 domina,

220 265 342 297 Hester
365 265 472 297 Aman
496 269 639 308 superat,
911 269 1087 301 Benedicta
1111 267 1239 310 femina,

273 312 392 344 Mulier
417 313 546 356 pusilla⁷
958 315 1037 356 Spes
1065 316 1345 362 desperandorum,

223 359 432 392 Holofernem
457 361 608 394 verberat
907 364 976 395 Tua
1000 372 1059 404 per
1083 364 1268 403 precamina

221 407 267 439 Et
292 408 439 440 concives
463 408 581 441 liberat
909 411 1106 443 Mundentur
1131 412 1315 451 peccamina

272 455 384 487 Iudith
415 454 508 487 fortis
533 456 608 497 illa;
958 459 1143 500 supplicum
1171 462 1316 500 tuorum3

225 501 288 546 Sic,
318 503 392 534 dum
416 503 507 543 virgo
532 507 672 544 generat,
912 505 1052 538 Caelitus
1074 506 1229 547 illumina,

224 549 328 582 Homo
354 559 444 590 spem
468 554 649 591 recuperat,
910 553 1040 585 Penitus
1066 554 1193 586 elimina

269 597 353 630 Nam
377 596 456 629 felix
481 598 610 631 armilla
956 600 1049 632 Vires
1075 603 1300 641 temptatorum

221 644 401 677 Leviathan
426 645 584 685 vulnerat,
908 647 953 679 Et
975 657 1034 689 per
1059 648 1138 680 haec
1164 649 1348 681 discrimina

222 692 327 725 Homo
347 693 502 733 praedam
526 693 650 725 lacerat
907 694 974 727 Nos
1000 696 1100 728 laetos
1125 696 1168 728 ad
1193 696 1319 737 agmina

269 740 321 772 Ex
347 741 413 772 eius
439 741 579 773 maxilla.
953 742 1061 775 Ducas
1086 743 1261 778 beatorum.

228 815 298 843 Cod.
319 815 528 844 Carolsruhan.
548 816 672 852 Augien.
694 813 740 844 36.
761 824 837 844 saec.
860 814 934 845 14l15.

598 924 655 957 116.
684 925 728 957 De
747 925 844 957 beata
863 926 965 958 Maria
985 928 1021 959 V.

320 996 345 1029 Ο
371 996 428 1036 pia
451 995 629 1036 virginitas,
665 995 778 1036 dulcis,
805 995 952 1041 fecunda,
981 998 1106 1040 decora,

322 1043 473 1083 Virgineo
498 1051 629 1074 numero
654 1043 781 1084 sapiens
807 1046 840 1075 et
863 1044 931 1076 sola
955 1044 1058 1087 beata,

323 1091 479 1130 Princeps
505 1093 699 1132 cunctarum,
727 1100 807 1131 quae
832 1092 920 1123 clara
943 1091 1094 1132 lampade
1118 1090 1232 1133 fulges,

322 1138 386 1170 Sub
414 1138 502 1170 cuius
528 1138 631 1178 clipeo
655 1140 725 1169 tute
747 1139 872 1170 latuere
899 1138 1066 1180 fugientes,

263 1187 295 1219 5.
321 1185 386 1218 Sub
413 1194 474 1226 quo
499 1195 563 1217 non
587 1188 711 1218 tantum
736 1184 870 1230 fugiunt,
902 1187 959 1219 sed
987 1195 1084 1226 saepe
1108 1185 1316 1226 triumphant.

322 1233 421 1274 Virgo
447 1235 519 1265 rata
544 1237 639 1273 atque
664 1233 748 1265 omni
773 1237 864 1273 parte
889 1234 1053 1275 inviolata,
1080 1233 1182 1265 tulisti

320 1281 407 1320 Quae
431 1283 559 1321 partum
583 1282 718 1322 tantum,
746 1282 866 1313 caelive
891 1280 1032 1314 fenestra
1057 1289 1180 1320 serena,

320 1329 437 1361 Orbem
462 1333 622 1361 terrarum
648 1337 729 1368 quae
751 1329 879 1361 nomine
904 1329 1037 1370 virginis
1061 1328 1185 1371 imples,

320 1376 417 1417 Virgo
442 1376 633 1418 supernaliS‚
659 1385 741 1416 quae
765 1377 882 1417 gaudia
907 1377 1004 1408 sumis
1030 1376 1070 1408 ab
1092 1376 1182 1408 Evae

238 1424 292 1457 10.
319 1422 465 1468 Planctu‚
493 1423 552 1455 sub
578 1433 699 1456 summo
723 1432 821 1464 regno
846 1424 915 1456 sine
938 1423 1003 1456 fine
1026 1424 1131 1466 beata,

319 1470 451 1503 Stabilis
476 1473 606 1503 aeterno
631 1471 782 1511 tempesti
806 1472 901 1503 stella
924 1472 1049 1513 marini,

319 1519 429 1552 Omnis
455 1519 572 1551 sinceri
597 1521 713 1550 nautae
736 1519 799 1551 dux
823 1528 939 1559 nempe
962 1518 1078 1552 fidelis,

318 1566 416 1607 Virgo
438 1575 539 1608 saera,
565 1565 709 1607 burgum,
734 1575 808 1606 spes
833 1569 954 1607 nostra,
979 1566 1108 1598 inimica
1131 1565 1288 1608 superbis,

318 1614 507 1655 Sublimata‚
532 1614 598 1653 poli
625 1622 707 1654 quae
731 1614 888 1646 altissima
913 1614 1010 1655 digna
1034 1613 1145 1654 petisti

237 1662 291 1695 15.
317 1662 362 1694 Et
383 1662 460 1694 solis
486 1663 614 1705 vestem,
643 1662 724 1694 caeli
748 1662 868 1704 regina,
891 1662 1060 1701 nitentem3

317 1709 393 1742 Sola
416 1709 486 1742 sine
511 1710 667 1754 exemplo,
692 1711 783 1751 virgo
807 1710 979 1751 mundana,
1005 1709 1108 1741 tulisti

315 1757 462 1790 Iustitiae
486 1757 594 1801 solem,
623 1756 744 1790 fontem
769 1757 900 1798 pietatis
925 1766 1102 1792 amoenum.

316 1805 413 1847 Virgo
439 1813 532 1837 sacra
556 1807 651 1845 atque
675 1806 760 1837 alma
787 1805 960 1846 dotataque
984 1805 1129 1837 sensibus
1154 1804 1239 1846 altis,

318 1853 375 1886 Cui
399 1861 459 1884 nee
483 1853 589 1893 prima
612 1851 673 1885 fuit
697 1861 758 1885 nec
783 1853 997 1886 consimilisve
1021 1852 1173 1894 secunda,

233 1901 290 1933 20.
315 1900 465 1940 Quaeque
488 1900 557 1932 Deo
581 1909 656 1933 vero
681 1901 835 1943 templum
861 1901 971 1934 divina
995 1900 1141 1933 sacrasti.

224 1975 305 2004 Orat.
331 1984 387 2003 ms.
412 1976 525 2003 Domus
551 1975 655 2004 Novae
682 1977 773 2004 Lucis
798 1977 870 2004 anni
898 1974 980 2004 1477.
1027 1976 1098 2004 Cod.
1124 1976 1314 2005 Ultraiectiu.
1343 1976 1462 2013 Scriptt.

146 2014 229 2043 Eccl.
250 2012 315 2042 375.
336 2014 471 2042 zweimal
491 2014 540 2042 fol.
565 2012 645 2042 1061)
665 2014 707 2050 A,
735 2015 785 2042 fol.
808 2013 895 2043 lloa.
914 2016 948 2043 B.
968 2030 1006 2034 —
1027 2013 1052 2049 1,
1075 2013 1089 2042 1
1110 2015 1186 2043 Vale
1207 2023 1223 2042 o
1243 2016 1401 2051 virginitas
1420 2015 1462 2048 A3

145 2053 222 2081 Vale
242 2054 294 2089 pia
313 2054 469 2090 virginitas
483 2053 517 2080 B.
539 2067 576 2072 —-
595 2050 613 2079 2
633 2062 754 2081 munero
768 2054 801 2082 B.
822 2070 857 2074 —
880 2052 900 2081 4
918 2054 1052 2091 sugentes
1065 2053 1099 2081 A.
1120 2068 1158 2073 ——
1177 2051 1195 2081 5
1215 2062 1276 2081 non
1290 2054 1364 2081 fehlt
1376 2053 1410 2081 B.
1424 2068 1462 2073 -—

145 2089 180 2120 19
201 2092 365 2120 consimilis
386 2100 441 2119 nec
460 2090 591 2119 secunda
609 2092 643 2119 A.

588 2192 642 2225 117.
672 2193 716 2225 De
736 2193 833 2226 beata
853 2194 955 2226 Maria
974 2194 1009 2226 V.

313 2265 337 2298 Ο
364 2274 458 2305 quam
483 2265 620 2305 pulchra
644 2265 720 2306 polo
746 2266 890 2299 residere
913 2265 1021 2299 Maria
1046 2265 1206 2307 probaris,

312 2314 399 2353 Quae
424 2315 489 2346 tam
514 2314 651 2354 pulchra
675 2314 743 2346 solo
767 2314 914 2346 manibus
941 2314 1070 2355 depicta
1094 2314 1231 2355 pararis,

312 2361 420 2402 Digna
445 2361 507 2394 coli
531 2362 643 2404 regina
666 2362 743 2407 poli,
770 2362 943 2404 paradisus
968 2371 1151 2403 amoenans,

311 2410 366 2443 Sol
392 2410 539 2453 celebris,
565 2411 622 2443 lux
648 2410 681 2443 in
704 2410 855 2456 tenebris,
881 2410 1051 2444 tenebrosa
1076 2418 1238 2449 serenans,

192 2471 323 2500 Dreves,
338 2470 383 2494 Pia
395 2471 541 2495 Dictsmina.
564 2471 592 2495 V.
1251 2462 1284 2493 11
