1651 2700
735 163 899 199 —200
950 181 992 186 —

413 263 489 296 Flos
514 262 702 303 reginarum,
728 258 896 299 paradisus
924 256 1121 298 deliciarum,

415 309 563 342 Sanctior
588 317 621 339 es
645 307 774 348 sanctis,
797 305 943 346 genetrix
969 305 1072 337 electa
1096 304 1248 345 tonantis,

335 359 389 391 15.
414 358 514 390 Rivus
539 363 640 396 aquae
664 355 765 395 vivae,
794 352 929 386 dulcedo
955 352 1087 385 virentis
1112 351 1225 390 olivae,

413 405 607 437 intemerata
630 411 713 443 rosa,
737 409 833 440 super
857 409 960 442 omne,
983 400 1070 440 quod
1093 401 1153 440 est,
1180 399 1336 441 speciosa.

414 451 515 484 Stella
538 449 662 490 solaris,
688 456 794 489 pereo,
820 447 883 479 nisi
906 456 957 479 me
980 447 1110 487 tuearis,

413 497 507 538 Novi,
533 496 617 537 quod
644 497 684 528 de
707 498 739 527 te
763 498 888 527 veteres
912 494 1072 534 scripsere
1096 494 1285 535 prophetae,

413 545 458 577 Et
481 544 546 575 scio
573 544 739 583 completa,
766 550 847 582 quae
871 542 953 573 dixit
977 542 1109 582 quisque
1131 541 1300 582 propheta.

332 593 385 625 20.
410 592 447 623 In
473 599 569 631 regno
596 589 713 622 Christi
737 590 878 631 laetariS,
904 597 984 629 quae
1008 589 1157 629 genuisti,

410 639 503 670 Hunc
527 637 665 676 petendo
689 636 786 669 fidem
811 644 921 668 servus
946 641 1098 677 precatur
1122 639 1155 667 et
1177 635 1274 675 idem,

414 684 547 724 Suscipe
574 685 614 717 de
639 685 746 726 caeliS‚
769 693 829 724 per
853 686 885 715 te
908 687 1000 724 rogat
1025 684 1087 716 iste
1111 682 1227 725 fidelis,

413 732 459 764 Ut
482 732 559 763 1111111
583 733 647 763 iam
670 733 757 764 laeso
781 731 885 772 prosit
909 733 965 764 tua
988 732 1101 771 gratia,
1129 739 1258 771 quaeso,

408 779 524 811 Mundi
549 780 713 821 salvatrix,
740 782 807 811 esto
830 787 891 819 pro
913 788 965 811 me
987 779 1171 819 mediatrix,

331 828 386 860 25.
409 827 495 859 Filia
519 827 703 869 Ierusalem,
729 826 781 859 fac
806 827 880 859 ante
904 826 1007 859 Deum
1029 826 1197 861 venialem.

409 874 492 905 Nam
516 875 641 905 veniam
663 883 758 915 spero
783 877 900 913 tuaque
923 873 1074 914 suffragia
1098 881 1226 916 quaero,

410 920 605 962 Culpamque
628 922 730 962 ploro,
754 923 791 953 tu
813 929 920 962 parce,
946 920 1062 953 flebilis
1088 930 1154 952 oro,

410 967 580 1002 Confidens
605 977 682 1009 rogo
707 973 749 1010 te,
775 968 874 1001 faciat
895 968 983 1000 Deus
1009 969 1114 1002 omnia
1138 977 1197 1008 per
1217 970 1260 1009 te,

409 1016 505 1048 Hune
523 1016 704 1060 interpella,
729 1019 833 1048 mater
857 1016 952 1048 simul
976 1018 1072 1056 atque
1094 1016 1213 1058 puella,

332 1064 387 1096 30.
413 1064 511 1103 Virgo
534 1066 621 1095 tuam
642 1065 773 1104 prolem,
801 1063 890 1096 sidus
916 1064 1127 1104 complectere
1151 1065 1250 1095 solem

409 1110 454 1142 Et
477 1119 536 1149 per
560 1119 629 1142 eum
655 1112 754 1143 solem
778 1111 903 1151 peccati
929 1110 1015 1143 dilue
1038 1110 1163 1151 molem,

409 1158 529 1189 Molem
550 1158 674 1197 peccati
697 1157 898 1199 pergrandis,
920 1158 1101 1199 inveterati,

411 1204 501 1243 Quod
526 1205 668 1244 quamvis
694 1205 774 1245 fero,
799 1214 858 1245 per
882 1208 915 1236 te
936 1206 1101 1245 deponere
1126 1214 1254 1245 quaero,

409 1251 506 1291 Spem
529 1261 618 1284 sumo
645 1253 796 1294 divinam,
820 1253 978 1284 medicum
1002 1253 1098 1286 simul
1119 1256 1151 1284 et
1175 1253 1378 1294 medicinam,

330 1299 385 1331 35.
411 1299 527 1339 Meque
551 1301 730 1343 reconcilia,
758 1299 959 1332 sanctissima
983 1300 1072 1341 virgo
1097 1300 1214 1343 Maria,

409 1346 455 1378 Ut
475 1345 683 1379 benedicatur
706 1347 844 1391 largitio,
872 1347 923 1378 cui
946 1346 1119 1379 famulatur

409 1394 541 1434 Pontus,
567 1397 664 1435 terra,
690 1394 793 1436 polus,
820 1402 956 1434 regnans
980 1403 1040 1434 per
1065 1395 1170 1427 omnia
1194 1395 1290 1429 solus.

409 1440 433 1472 O
457 1439 575 1473 florens
599 1450 681 1480 rosa,
706 1443 809 1473 mater
832 1440 961 1474 Domini
985 1443 1140 1481 speciosa,

409 1487 433 1520 O
459 1488 548 1528 virgo
572 1488 669 1531 mitis,
695 1498 712 1521 o
738 1487 964 1521 fecundissima
987 1490 1074 1532 vitis,

327 1534 382 1567 40.
409 1534 533 1567 Clarior
557 1544 681 1577 aurora,
708 1545 767 1576 pro
792 1536 884 1568 nobis
909 1536 1053 1569 omnibus
1079 1546 1146 1579 ora,

409 1582 473 1614 Ora
498 1585 542 1625 tu,
568 1584 632 1624 pia,
658 1593 716 1623 pro
741 1592 802 1623 me,
831 1591 914 1625 rosa,
940 1585 1030 1624 virgo
1054 1585 1170 1618 Maria.

290 1636 371 1664 Orat.
391 1645 444 1663 ms.
463 1638 576 1665 Domus
595 1638 700 1666 Novae
710 1638 802 1667 Lucis
822 1639 893 1666 anni
915 1637 1000 1667 1477.
1035 1639 1105 1667 Cod.
1119 1640 1306 1670 Ultraiectin.
1320 1640 1423 1676 Sriptt.
1436 1640 1521 1670 Eecl.

214 1672 279 1702 375.
301 1689 335 1694 —
357 1672 384 1702 2.
404 1675 495 1710 Virgo
516 1676 667 1711 regularis.
689 1691 726 1695 —
746 1674 791 1704 27.
813 1676 936 1712 Culpam
957 1685 1043 1713 quam
1064 1678 1157 1714 ploro.

662 1759 723 1790 153.
748 1759 792 1790 De
809 1759 907 1790 beata
923 1759 1027 1790 Maria
1044 1760 1081 1791 V.

228 1819 258 1850 1.
285 1815 389 1858 Salve,
416 1817 569 1858 templum
904 1821 936 1854 2.
963 1819 988 1853 O
1012 1820 1135 1853 intacta

331 1864 427 1896 totius
453 1865 588 1909 decoris,
1009 1868 1100 1910 virgo
1126 1878 1298 1910 puerpera,

284 1910 441 1944 Diadema
961 1915 1015 1947 Ad
1040 1919 1073 1947 te
1098 1916 1216 1949 clamat

331 1959 447 1998 regalis
471 1960 610 2001 honoris,
1009 1972 1098 1996 mens
1122 1973 1195 1998 mea
1216 1966 1345 2007 misera,

283 2004 370 2037 Fons
395 2007 546 2039 virtutum
960 2010 1047 2050 Quae
1073 2011 1227 2045 confluxit

331 2053 544 2093 splendorque
569 2054 711 2097 pudoris,
1009 2067 1069 2098 per
1093 2060 1195 2093 multa
1217 2061 1342 2093 seelera

377 2101 517 2133 Pulchra
540 2102 601 2134 Dei
624 2101 702 2137 filia.
1058 2106 1192 2148 Semper
1216 2108 1256 2141 ab
1279 2108 1429 2143 infantia.

286 2147 381 2179 Hunc
406 2148 550 2180 decorem
963 2153 1022 2186 Pia
1046 2157 1159 2197 mater,

335 2193 478 2227 Christus
505 2196 694 2238 concupivit,
1009 2201 1050 2233 de
1073 2210 1125 2234 me
1149 2204 1302 2246 recogita,

285 2241 364 2274 Cum
388 2251 408 2273 a
430 2246 523 2282 patre
962 2248 1002 2281 In
1026 2250 1167 2288 peccatis

330 2290 481 2322 luminum
507 2290 606 2323 exivit
1011 2301 1170 2329 mortuum
1195 2298 1293 2331 visita

285 2337 420 2370 Carnem
442 2339 584 2373 nostram
959 2343 1177 2384 Precibusque

331 2393 499 2426 secumque
521 2386 625 2418 univit
1008 2390 1182 2425 foetentem
1212 2395 1333 2428 suscita

376 2434 415 2465 In
439 2436 482 2475 te,
507 2434 603 2473 plena
627 2435 739 2474 gratia.
1053 2439 1104 2471 De
1127 2442 1218 2474 tanta
1242 2442 1381 2475 miseria.
