1651 2700
694 155 954 192 -154-

186 255 217 287 5.
245 254 353 287 Omnis
378 256 480 287 virtus
504 258 538 286 te
564 255 703 296 decorat,

246 302 353 334 Omnis
379 304 505 334 sanetus
531 304 564 333 te
587 302 723 333 honorat

289 350 328 381 In
353 349 483 381 caelesti
504 349 619 392 patria,

245 396 359 429 Omnes
384 399 493 437 gentes
517 396 712 428 benedicunt

244 443 289 475 Et
312 444 479 476 laudantes
504 442 565 475 tibi
590 443 716 474 dicunt:

290 493 370 531 Ave,
395 492 491 531 plena
515 490 628 531 gratia.

186 549 216 581 6.
243 548 381 588 Propter
407 547 518 587 plagas
545 544 697 586 crucifixi,

243 595 327 633 Quas
350 597 498 626 cruentas
521 592 602 625 flens
628 592 736 625 vidisti

291 642 410 673 Nostra
433 649 492 680 pro
517 640 655 679 miseria,

242 688 310 720 Fac
334 697 390 719 nos
417 688 512 728 <ligne
535 690 567 718 te
591 687 702 720 videre

241 735 286 766 Et
312 735 447 767 videndo
474 735 673 775 congaudere

289 783 327 815 In
352 782 485 821 perenni
509 782 622 822 gloria.

866 253 897 285 ¹7.
923 253 1007 292 Iesu,
1034 251 1080 284 fili
1105 253 1219 284 summi
1244 253 1356 296 patris,

921 301 1006 339 Iesu,
1032 299 1079 332 fili
1105 309 1244 332 summae
1269 300 1381 332 matris

970 346 1014 378 Et
1038 347 1179 379 intactae
1202 347 1344 390 virginis,

923 394 984 433 Qui
1012 394 1052 426 de
1077 395 1165 427 caelo
1191 395 1383 428 descendisti

923 441 968 473 Et
994 441 1189 475 descendens
1213 442 1347 475 induisti

970 488 1048 521 Veri
1072 488 1207 521 formam
1232 490 1379 528 hominis,

866 546 897 578 8.
926 545 1105 577 Genetricis
1130 546 1186 586 pia
1209 554 1305 586 prece

924 591 991 624 Nos
1017 602 1037 624 a
1060 592 1138 633 luto,
1162 602 1221 625 nos
1246 603 1266 625 a
1289 591 1380 624 faece

972 641 1180 672 peccatorum
1204 640 1299 672 ablue

924 687 969 719 Et
993 688 1133 720 concede
1157 688 1256 719 vitam
1280 695 1392 726 puram

925 733 971 765 Et
996 735 1037 767 da
1056 744 1169 774 pacem
1193 743 1432 775 permansuram

970 781 1016 813 Et
1039 783 1171 815 salutem
1198 783 1314 815 tribue.

247 846 327 874 Orat.
354 856 407 874 ms.
428 846 605 883 Tegurinum
636 854 711 874 saec.
739 843 783 874 15.
812 846 884 875 Clm.
905 847 1059 875 Monacen.
1080 845 1186 876 20001.
1207 844 1247 875 A.
1268 862 1305 865 —
1327 846 1399 875 Olm.
1418 848 1481 875 Mo-

170 893 271 912 nacen.
318 885 352 912 ol.
381 884 530 922 Tegurin.)
562 882 679 913 119824
704 893 780 913 saec.
803 883 846 913 15.
867 885 901 912 Β.
922 899 960 905 -—-
986 886 1046 913 Aus
1071 890 1274 922 ungenannter
1299 885 1404 919 Quelle
1433 886 1479 913 bei

170 922 335 950 Milchsack
348 923 371 956 Ι,
388 921 433 950 99.
447 923 487 949 M.
501 938 539 942 —
562 922 585 957 1,
602 922 618 951 6
644 922 809 959 Pauperum
829 923 870 951 M.
890 937 930 943 —
950 923 1006 950 Str.
1027 921 1045 951 3
1065 925 1125 951 und
1145 924 1165 952 4
1184 924 1284 952 bilden
1306 924 1351 951 bei
1373 924 1406 950 M
1425 924 1483 951 den

171 960 286 988 Schluss
307 961 364 996 „de-⁶
386 961 512 989 Ganzen.
533 975 571 980 -
590 958 617 995 3,
641 959 655 989 1
676 964 770 989 mater
788 961 846 989 Dei
865 961 898 988 B.
919 975 957 980 —
977 959 1003 995 3,
1024 960 1044 989 4
1064 961 1154 990 Cuius
1175 962 1273 990 alvum
1293 961 1333 988 M.
1356 976 1393 981 —
1415 961 1441 995 3,
1463 960 1481 989 5

171 999 302 1026 Primum
322 998 418 1027 David
442 1000 631 1035 praeoptavit
648 999 688 1025 M.
709 1014 747 1018 —
765 997 793 1033 4,
814 998 831 1026 5
851 999 911 1026 Fac
930 1007 984 1026 nos
1005 1001 1163 1028 commissa.
1182 1000 1287 1028 deflere
1300 1000 1341 1026 Μ.
1363 1013 1397 1018 —
1418 998 1447 1034 4,
1462 997 1479 1027 6

172 1037 300 1071 Tempus
322 1036 405 1064 ader*
423 1038 529 1064 veniae
547 1037 588 1064 M.
609 1053 646 1057 —
666 1036 722 1064 Str.
744 1034 762 1064 5
781 1045 809 1064 u.
831 1036 848 1065 6
868 1037 965 1065 fehlen
983 1037 1024 1064 M.
1045 1051 1082 1057 -—
1102 1038 1159 1066 Str.
1180 1037 1197 1065 7
1219 1047 1246 1066 u.
1267 1035 1285 1065 8
1305 1037 1408 1065 stehen
1427 1046 1481 1065 vor

175 1071 188 1080 Γ
213 1084 242 1101 u.
263 1073 282 1101 4
301 1075 341 1102 M.
361 1090 378 1094 ι
390 1090 398 1094 -
418 1074 445 1108 7,
465 1073 485 1102 4
504 1074 594 1102 caelis
613 1076 653 1102 M.
674 1089 712 1093 —
732 1072 758 1108 8,
778 1073 854 1103 4-6
873 1075 971 1103 fehlen
989 1076 1031 1102 M.

612 1165 675 1197 109.
697 1166 740 1197 De
759 1166 857 1197 beata
877 1166 977 1197 Maria
998 1166 1032 1197 V.

890 1247 921 1278 7.
947 1245 999 1278 Ab
1024 1246 1073 1278 his
1100 1254 1174 1287 ergo
1201 1246 1407 1287 conculcariS‚

947 1292 1011 1325 Sed
1036 1303 1054 1325 a
1077 1294 1140 1325 tuis
1166 1293 1337 1334 adamaris,

946 1339 1052 1373 Infers
1077 1339 1196 1373 fluxum
1223 1342 1431 1384 corporalem,

186 1245 217 1277 1.
246 1245 270 1277 Ο
295 1245 410 1287 Maria,
437 1246 531 1277 stella
555 1247 662 1285 maris,

242 1292 341 1324 Porta
366 1292 445 1324 caeli
471 1302 551 1332 quae
574 1293 708 1333 vocaris,

243 1340 281 1371 In
307 1339 433 1371 sublimi
458 1339 572 1372 throno
598 1341 668 1379 sita,

243 1385 468 1426 Supplicantes
493 1387 551 1419 tibi
578 1388 654 1421 dita,

210 1468 217 1475 .
244 1442 363 1474 Christi
387 1445 499 1486 mater,
528 1443 614 1483 virgo
639 1444 703 1487 pia,

240 1490 489 1530 Praeceptorum
512 1491 572 1523 Dei
599 1492 660 1534 via,

241 1537 406 1569 Involutus
432 1539 524 1570 naevi
547 1539 644 1570 sorde

240 1584 293 1616 Ad
319 1588 351 1616 te
377 1585 477 1616 clamo
503 1588 569 1617 toto
596 1585 710 1617 corde:

207 1667 214 1674 .
238 1641 405 1681 Miserere,
432 1650 557 1683 quaeso,
584 1643 656 1683 mei,

240 1688 406 1728 Miserere,
432 1691 534 1720 mater
558 1688 629 1729 Dei,

240 1734 331 1767 Mala
354 1744 490 1776 namque
509 1736 571 1767 iam
589 1739 662 1768 sunt
677 1737 788 1777 multa,

239 1782 325 1821 Quae
350 1783 501 1824 commisi,
528 1786 559 1815 et
584 1783 702 1817 adulta.

207 1866 213 1872 .
238 1838 321 1871 Mihi
345 1839 478 1871 multum
504 1840 685 1880 elanguenti

945 1386 1064 1420 Aufers
1089 1388 1185 1420 vitam
1213 1388 1402 1431 spiritalem,

911 1479 917 1486 .
944 1452 1049 1487 Infers
1067 1455 1194 1496 malum,
1215 1455 1300 1494 quod
1316 1464 1375 1487 nos
1392 1458 1474 1496 urat,

944 1500 1062 1534 Aufers
1072 1501 1198 1542 bonum,
1214 1502 1298 1542 quod
1308 1503 1476 1543 perdurat,

943 1550 990 1580 At
1013 1552 1056 1593 tu,
1084 1549 1194 1582 mundi
1220 1557 1301 1589 quae
1325 1550 1445 1593 regina,

945 1596 1031 1635 Quae
1055 1597 1258 1636 languentum
1283 1597 1444 1629 medicina

910 1688 917 1694 .
942 1662 1140 1702 Appellaris,
1165 1664 1276 1702 procul
1300 1664 1387 1702 pelle

941 1708 1031 1740 Mala
1054 1709 1158 1750 plebis
1184 1713 1216 1740 et
1240 1710 1354 1751 avelle,

942 1755 1034 1787 Tolle
1048 1756 1222 1797 planctum,
1237 1762 1327 1797 terge
1339 1759 1471 1800 luctum,

945 1803 1029 1835 Seda
1054 1805 1131 1836 moti
1155 1805 1253 1837 maris
1279 1803 1419 1839 fluctum.

238 1885 283 1918 Et
310 1886 425 1918 delicta
451 1886 611 1919 confitenti
862 1868 915 1903 10.
943 1869 1042 1902 Dirae
1066 1871 1153 1924 neeis
1178 1871 1257 1903 tolle
1281 1875 1410 1913 sortem,

239 1933 321 1975 Heii,
347 1933 419 1974 hesi,
446 1935 524 1973 quid
548 1943 617 1966 sum
642 1944 711 1975 ego,
941 1919 1153 1972 Improvusam
1177 1916 1255 1972 fuga
1277 1924 1424 1960 mortem,

241 1980 402 2021 Numquid
416 1985 575 2022 tamquam
589 1982 693 2023 pulvis
708 1981 789 2023 ego?
942 1965 1018 1997 S⁰la
1043 1975 1130 2006 wrgo
1157 1969 1190 1998 et
1213 1969 1346 2008 mmcta’

182 2039 212 2070 ⁹.
239 2036 302 2069 Gur
328 2041 463 2077 oreatus,
489 2047 587 2078 quare
610 2038 729 2071 natus?
941 2012 1077 2057 Deoens'
1104 2017 1197 2054 grata
1220 2014 1289 2047 Deo
1315 2014 1413 2048 faeta'

237 2084 320 2117 Nam
345 2093 413 2116 sum
439 2085 517 2117 cinis
542 2089 747 2126 stercoratus,
860 2079 914 2112 11.
943 2080 1066 2112 Praebe
1091 2081 1170 2113 mihi
1195 2089 1290 2114 caeco
1317 2082 1440 2127 ducem,

236 2131 318 2174 Heu,
346 2131 481 2165 dulcedo
506 2134 689 2173 mundialis,
941 2128 1007 2168 QUO
1034 2128 1076 2160 ad
1102 2137 1210 2161 veram
1235 2130 1335 2162 ducar
1357 2131 1472 2173 lucem,

238 2178 321 2218 Quot
352 2182 383 2210 et
408 2181 533 2219 quantis
558 2190 651 2221 urges
676 2182 786 2214 malis!
942 2175 1111 2207 servitutis
1137 2179 1211 2208 tuae
1238 2177 1354 2210 donum

204 2262 211 2269 .
237 2236 319 2276 Heu,
340 2245 432 2277 quam
451 2246 579 2276 gravem
589 2238 702 2278 lugent
713 2247 787 2279 poe·
940 2222 992 2254 Da
1016 2231 1156 2262 perenne
1181 2224 1260 2256 mihi
1279 2224 1405 2258 bonum·

563 2294 646 2327 nam,
863 2288 915 2322 12.
943 2288 1046 2320 Huius
1071 2292 1175 2321 autem
1201 2291 1312 2323 mundi
1336 2301 1426 2324 mare

239 2331 299 2371 Qui
323 2331 365 2363 ad
390 2334 477 2363 tuam
502 2333 615 2364 sedent
639 2341 758 2373 cenam,

237 2379 358 2412 Pandis
384 2388 469 2422 opes,
494 2378 596 2411 flectis
620 2384 752 2423 mentes,

239 2427 316 2460 Odis
340 2427 432 2459 honis
457 2427 677 2460 adhaerentes.

942 2336 1010 2368 Fae
1033 2340 1070 2368 ut
1093 2339 1213 2376 possim
1239 2344 1383 2382 enatare,

943 2384 1048 2416 Laeta
1069 2385 1176 2424 proles
1203 2389 1236 2417 et
1261 2387 1388 2431 deeora,

944 2431 1047 2463 Deum
1073 2439 1112 2463 ex
1137 2436 1170 2464 te
1193 2437 1302 2466 natum
1327 2444 1394 2468 ora.
