1651 2700
208 1312 226 1343 ι’(

723 185 956 221 ,48-

228 311 235 318 .
263 287 309 319 Tu
344 286 448 319 velata
471 286 547 318 satis
573 286 661 327 velis,

263 334 308 367 Ut
332 335 460 374 placata
484 333 554 366 fore
578 334 667 375 velis,

311 382 438 422 Precor,
465 381 611 423 gratiose,

264 430 430 461 Adornata
453 429 521 469 poli
544 429 646 470 sedes,

265 476 458 517 Supportata
483 475 575 508 fessis
598 476 700 515 sedes,

311 525 420 566 Posco,
446 524 489 556 sis
514 524 651 564 dulcose,

265 571 454 605 Praelucida
479 571 567 611 signo
593 571 689 609 canis,

264 620 350 659 Quae
373 617 484 650 florida
511 617 607 649 verbo
634 618 730 658 canis,

312 667 463 705 Saporem
487 665 607 697 donans
631 665 795 702 malorum,

310 713 416 745 Mater
442 713 542 745 dulcis
568 712 612 743 sis
636 712 801 744 malorum.

233 824 239 830 .
267 799 291 831 O
317 797 421 838 figella
445 798 550 830 suavis
573 798 649 838 toni,

263 845 356 877 Dona
378 846 476 877 mella
497 845 581 877 sacri
608 846 690 889 doni,

310 892 421 924 Dulcis
445 892 619 934 harmonia,

266 941 290 973 O
317 941 489 980 praemella
511 940 591 972 sumi
616 940 702 973 facis.

267 987 339 1019 Non
364 987 495 1028 rebella,
522 997 602 1028 quae
625 997 697 1021 nam
723 987 813 1030 facis,

311 1034 407 1067 Pacis
431 1036 544 1068 analia.

263 1084 313 1116 Tu
338 1083 462 1123 capella
486 1083 545 1114 Dei
573 1085 605 1114 et
628 1092 694 1123 vas,

265 1130 426 1162 Tormella
450 1131 520 1170 Dei,
548 1132 630 1170 quod
657 1134 703 1162 est
728 1139 797 1170 pas,

311 1177 359 1209 Tu
377 1176 513 1217 femella,
534 1186 614 1218 quae
631 1187 693 1210 non
709 1178 810 1218 pellis,

312 1224 415 1257 Saeva
438 1225 525 1266 fella,
550 1229 661 1266 mater,
687 1225 791 1265 pellis.

231 1338 237 1344 .
264 1311 312 1342 Tu
338 1319 453 1343 arcana
477 1311 538 1343 Dei
564 1310 663 1351 vides,

263 1357 363 1389 Nulla
386 1367 467 1390 vana
493 1361 616 1390 constat
639 1358 719 1391 fides

310 1406 348 1438 In
373 1408 404 1436 te
427 1415 511 1438 nunc
534 1406 652 1446 visura,

263 1452 378 1493 Lapsis
403 1461 482 1485 sana
505 1462 598 1485 sacra
620 1454 728 1486 Venus

263 1499 336 1532 Non
359 1501 455 1532 inana
478 1503 573 1541 prout
598 1500 689 1533 fenus

310 1547 374 1579 Per
397 1550 430 1579 te
453 1547 490 1580 fit
512 1557 619 1589 usura,

267 1594 415 1626 Gratiosa
439 1604 564 1635 semper
590 1596 687 1632 venis.

266 1641 316 1673 Sis
342 1641 480 1674 formosa
503 1643 620 1675 nostris
647 1644 745 1686 venis,

313 1689 361 1721 Tu
386 1699 443 1722 nos
467 1693 544 1730 pota
569 1692 668 1723 sacris
693 1691 784 1723 vinis.

315 1737 456 1778 Praesta,
472 1738 555 1777 quod
569 1737 668 1770 bonus
682 1739 724 1770 sit
731 1737 812 1773 finis.

232 1837 237 1844 .
264 1812 449 1845 Sanctitatis
475 1823 568 1846 verus
592 1814 684 1850 liber,

264 1860 438 1893 Libertatis
463 1870 575 1901 magne
598 1861 690 1894 liber.

311 1907 447 1940 Reorum
472 1909 580 1953 lorica,

266 1955 417 1987 Sanitatis
443 1955 552 1988 confer
575 1957 702 2000 lectum,

265 2003 431 2036 Trinitatis
456 2013 534 2043 opus
559 2005 685 2046 lectum,

312 2050 439 2082 Piorum
465 2052 574 2090 amica,

268 2099 305 2129 in
332 2098 449 2131 caelico
475 2099 587 2131 throno
613 2101 709 2141 iaces,

268 2146 428 2178 Famelico
454 2147 516 2177 mel
538 2150 573 2177 tu
597 2147 692 2189 iaceS,

314 2192 410 2235 Fave,
437 2194 520 2234 quod
543 2194 623 2227 lenis
649 2196 691 2227 sit
711 2198 803 2228 natus

311 2240 408 2272 Malis
433 2241 549 2273 nostris
573 2251 593 2273 a
616 2246 649 2274 te
672 2246 775 2275 natus.

235 2344 242 2351 .
270 2316 310 2351 1n
336 2327 449 2350 aurora
472 2319 552 2350 lucis
577 2328 668 2351 mane

268 2366 325 2407 Tu,
354 2366 493 2408 dulcora,
520 2375 640 2398 mecum
665 2376 767 2407 mane,

313 2414 419 2446 Maria
446 2415 589 2455 tutatrix,

887 1598 940 1630 10.

888 2085 942 2118 11.

962 282 1130 324 Indecora,
1158 293 1239 324 quae
1262 294 1335 318 nam
1360 293 1442 324 sero,

964 332 1039 365 Sine
1065 341 1162 372 mora,
1189 333 1258 365 sine
1282 341 1352 364 sero

1011 379 1061 412 Sis
1089 379 1144 420 pia
1167 380 1343 421 purgatrix,

965 426 1130 459 Dieculam
1156 428 1315 460 salubrem
1340 426 1399 467 fer,

966 475 1169 506 Plebeculam
1194 485 1310 508 ornans
1334 478 1370 506 ut
1394 484 1459 517 ver,

1013 523 1245 563 Ignoscenunc,
1256 523 1339 563 quod
1347 532 1411 556 non
1419 522 1494 554 novi

1014 569 1185 601 Normulas
1210 570 1374 610 praecepti
1397 570 1482 603 novi.

933 651 940 657 .
966 626 1076 658 Mente
1101 635 1182 665 pura
1207 626 1366 659 Christum
1392 636 1458 666 ora,

968 672 1057 711 Quod
1083 672 1191 705 futura
1214 674 1325 705 mortis
1350 674 1427 706 hora

1013 721 1078 753 Det
1101 721 1177 752 mite
1202 721 1353 762 solamen,

967 768 1078 801 Laesis
1104 777 1179 800 cura
1203 778 1302 801 verax
1327 768 1401 810 cris,

969 817 1076 849 Corda
1100 816 1180 848 dura
1204 826 1264 848 non
1292 816 1336 847 sis
1362 815 1447 848 heris

1014 864 1077 896 Sed
1102 873 1200 896 suave
1223 864 1400 903 salvamen;

967 911 1015 944 Tu
1040 912 1129 943 salva
1152 921 1210 944 nos
1234 912 1268 943 in
1292 911 1354 943 hoc
1378 910 1460 943 festo

967 959 996 991 A
1023 960 1174 992 daemone
1199 963 1264 992 tam
1288 957 1416 1000 infesto,

1014 1007 1143 1039 Miseris
1159 1016 1223 1040 non
1240 1007 1348 1047 polum
1363 1006 1496 1046 claudis,

1014 1055 1064 1087 Sis
1094 1055 1218 1087 medela
1242 1063 1335 1086 sacra
1361 1054 1494 1088 claudis

934 1137 941 1143 .
966 1112 1140 1144 Mortuosis
1159 1113 1257 1143 vitam
1281 1111 1382 1154 paris,

968 1159 1017 1192 Tu
1043 1160 1147 1192 exosis
1172 1168 1234 1191 non
1261 1168 1294 1191 es
1318 1168 1379 1200 par
1403 1159 1463 1201 his,

1014 1207 1109 1240 Fidei
1134 1206 1288 1248 columna,

966 1254 1015 1287 Tu
1039 1254 1198 1287 damnosis
1214 1255 1348 1286 multum
1365 1255 1495 1295 prodes,

965 1302 1021 1334 Me
1037 1302 1181 1335 verbosis
1194 1311 1354 1342 nunquam
1367 1303 1496 1342 prodes,

1013 1350 1107 1383 Alvei
1133 1350 1269 1391 alumna,

968 1396 1124 1430 Donatrix
1151 1406 1184 1429 es
1210 1397 1322 1429 summi
1349 1397 1443 1435 dotis,

967 1444 1017 1477 Sis
1042 1446 1209 1485 stirpatrix
1236 1445 1329 1477 malis
1354 1445 1441 1483 totis,

1015 1494 1039 1526 O
1066 1491 1232 1525 salutifera
1256 1502 1341 1532 cam,

1016 1540 1125 1572 Soboli
1148 1550 1206 1573 nos
1232 1544 1309 1581 apta
1333 1549 1418 1573 caro.

969 1598 1077 1629 Veniis
1103 1606 1137 1629 es
1160 1607 1323 1639 nunquam
1346 1607 1456 1639 parca,

966 1644 1061 1677 Vitiis
1090 1647 1207 1678 nostris
1232 1654 1317 1678 nunc
1340 1655 1449 1689 parca,

1016 1694 1097 1727 Casa
1120 1692 1180 1725 Dei
1208 1694 1290 1733 diva,

966 1740 1105 1773 Medelis
1128 1750 1186 1773 nos
1210 1742 1311 1773 sacris
1334 1742 1464 1785 munda,

968 1788 1143 1821 Immundis
1169 1793 1205 1821 tu
1231 1788 1340 1822 confer
1364 1790 1486 1822 munda

1016 1836 1121 1869 Corda
1145 1838 1342 1881 tempiativa,

970 1883 1132 1917 Generosa
1156 1886 1240 1917 alma
1265 1887 1359 1926 regis,

971 1931 1021 1964 Sis
1048 1933 1189 1973 dulcosa,
1216 1934 1314 1973 virgo,
1341 1935 1417 1977 reis,

1016 1980 1105 2013 Tuae
1129 1982 1295 2021 acquiesce
1315 1982 1384 2014 irae

1014 2028 1059 2060 Et
1082 2038 1140 2060 nos
1166 2028 1219 2061 fac
1242 2030 1284 2062 ad
1301 2031 1425 2069 prolem
1441 2030 1499 2062 ire.

970 2087 1049 2121 Ave,
1074 2088 1176 2118 mater
1200 2087 1314 2118 summi
1341 2087 1441 2131 ducis,

968 2132 1052 2165 Nam
1062 2135 1204 2174 quemvis
1213 2135 1255 2167 ad
1263 2135 1388 2174 prolem
1399 2136 1500 2177 ducis,

1017 2182 1098 2220 Ave,
1125 2184 1159 2212 tu
1182 2182 1347 2222 templaris
1373 2184 1448 2224 vita,

1015 2229 1157 2261 Devotos
1181 2229 1241 2261 tibi
1265 2239 1329 2262 non
1354 2232 1430 2266 vita.

970 2277 994 2310 O
1020 2276 1126 2308 Diana
1151 2277 1255 2308 celsae
1279 2278 1379 2319 aedis,

971 2323 1053 2356 Nam
1078 2322 1214 2362 profana
1238 2325 1328 2357 nulla
1353 2328 1433 2369 edis,

1018 2372 1103 2403 Vera
1123 2371 1178 2403 lux
1204 2372 1409 2414 praefulgens
1429 2376 1501 2418 soli,

1018 2419 1068 2450 Tu
1092 2427 1148 2449 nos
1173 2420 1269 2460 iunge
1292 2425 1368 2455 nato
1394 2424 1464 2457 soli.

272 2480 343 2507 Chn.
364 2480 514 2508 Mon-acen.
535 2480 583 2517 tol.
603 2481 752 2518 Teguriu.)
773 2480 807 2510 19
816 2481 872 2512 604
891 2491 967 2511 saec.
990 2482 1033 2511 15.
1056 2499 1092 2503 —
1115 2481 1158 2518 11,
1181 2483 1256 2513 5-8
1277 2495 1325 2514 am
1343 2487 1455 2517 Raude.
