1651 2700
110 216 141 249 3.
166 215 250 257 Ave,
283 216 370 249 cuius
394 218 520 251 viscera

170 262 289 295 Contra
312 265 424 298 mortis
449 265 582 300 foedera

214 311 399 345 Ediderunt
426 312 537 358 filium,

167 359 247 402 Ave,
277 368 389 392 carens
414 361 521 406 simili,

168 407 291 439 Mundo
319 408 374 440 diu
395 407 496 442 flebili

215 455 388 495 Reparasti
405 458 565 497 gaudium.

110 533 143 564 4.
167 533 249 573 Ave,
276 533 435 574 virginum
459 535 600 575 lucerna,

168 579 232 611 Per
256 589 351 621 quam
375 580 467 614 fulsit:
490 583 546 615 lux
571 591 710 624 superna

214 628 285 667 HiS,
312 637 389 669 quos
413 630 526 662 umbra
551 631 662 671 tenuit,

166 676 247 719 Ave,
272 676 372 717 virgo,
401 678 440 710 de
465 687 526 718 qua
550 678 639 710 nasei

168 723 212 755 Et
238 724 278 756 de
303 724 391 756 ouius
414 725 498 757 lacte
521 726 612 765 pasci

214 772 284 805 Rex
311 773 470 804 caelorum
495 774 605 805 voluit.

110 849 140 881 5.
167 848 248 891 Ave,
277 848 356 880 caeli
381 849 595 889 luminarium,

169 895 307 936 Spiritus
332 896 436 928 sancti
459 897 644 935 sacrarium,

216 945 255 977 In
278 947 311 975 te
336 942 427 975 fulsit
452 943 651 985 fecundita53

168 992 193 1024 O
220 995 371 1032 quantum
396 992 563 1036 mirabilis,

168 1040 193 1072 Ο
220 1045 372 1080 quantum
394 1040 568 1072 laudabilis

214 1087 275 1119 Est
301 1090 333 1119 et
356 1087 436 1119 haee
460 1088 637 1128 virginitas.

797 224 829 256 6.
856 223 935 263 Ave,
961 222 1061 260 sidus,
1085 221 1142 254 lux
1168 222 1301 263 dierum,

798 538 827 570 7.

855 270 963 302 Mater
986 270 1109 302 laetans
1134 278 1239 311 regem
1265 280 1381 311 rerum,

905 317 1088 350 Genitorem
1112 315 1188 360 filia,

856 366 935 409 Ave,
962 365 1053 398 verbi
1078 373 1170 396 sacra
1193 373 1319 405 parens,

855 413 918 445 Per
942 415 975 445 ‘ce
995 412 1131 445 mundus
1156 412 1242 452 viget
1266 421 1369 453 arens,

904 461 966 493 Per
990 463 1022 492 te
1047 462 1141 493 datur
1167 460 1268 493 venia.

855 538 936 575 Ave,
965 537 1055 569 verbi
1077 534 1141 569 Dei
1165 536 1257 579 cella,

855 584 951 616 Salva
972 593 1043 617 reos
1067 594 1087 616 a
1110 584 1253 623 procella

901 632 1016 664 Mundi
1042 631 1133 664 huius
1158 632 1272 672 noxia3

856 679 1010 711 Mundum
1036 679 1140 720 pingis
1165 688 1246 711 novo
1271 678 1359 718 flore,

855 726 984 759 Florem
1008 728 1095 767 paris
1120 728 1200 759 miro
1225 736 1314 759 more

904 774 989 807 Novi
1013 774 1100 807 floris
1124 775 1236 815 gratia.

823 875 829 882 .
858 850 964 882 Mater
987 851 1072 892 regis
1099 853 1130 882 et
1154 852 1274 892 regina,

854 897 904 929 De
929 899 1084 930 malorum
1106 907 1165 930 nos
1188 900 1312 931 sentina

902 945 1029 977 Perduo
1053 945 1093 977 ad
1121 947 1289 987 caelest1a3

856 992 937 1024 Dele
961 994 1080 1036 culpas,
1108 1002 1126 1024 0
1149 994 1265 1034 Maria,

857 1041 919 1073 Per
944 1044 976 1072 te
1000 1041 1092 1072 nobis
1120 1040 1212 1072 detur
1237 1042 1290 1073 via

902 1088 957 1120 Ad
982 1091 1113 1120 aeterna
1137 1088 1263 1128 gaudia.

174 1173 263 1201 Scala
286 1173 360 1201 caeli
379 1181 454 1201 saec.
477 1170 521 1201 14.
544 1182 587 1201 ex.
615 1172 683 1201 God.
704 1174 828 1210 Pragen.
848 1174 924 1201 XIII
942 1173 970 1201 E
990 1171 1017 1201 3.
1040 1188 1078 1192 —-
1098 1171 1124 1206 2,
1145 1171 1165 1200 4
1186 1173 1276 1201 Cuius
1297 1174 1406 1202 fruetus

96 1212 278 1240 benedictus.
307 1227 345 1231 —
375 1210 405 1246 5,
427 1209 444 1239 5
472 1211 496 1239 O
527 1211 607 1239 fehlt.
639 1226 675 1231 —
704 1212 766 1240 Das
793 1212 868 1240 Lied
895 1214 935 1240 ist
957 1213 1122 1240 bearbeitet
1148 1219 1200 1239 aus
1226 1212 1329 1240 Teileu
1353 1222 1412 1240 von

96 1251 185 1278 Mone
206 1251 256 1279 Nr.
277 1247 341 1285 518,
364 1248 419 1277 519
439 1250 500 1277 und
521 1247 585 1277 520.

557 1371 603 1403 25.
633 1371 676 1403 De
696 1371 791 1403 beata
810 1371 911 1403 Maria
930 1371 967 1403 V.

111 1453 141 1486 1.
168 1451 250 1496 Ave,
278 1453 373 1492 plena
397 1452 510 1494 gratia,

216 1501 313 1540 Virgo
339 1500 520 1540 singularis,

167 1546 261 1582 Vena
282 1547 384 1580 fluens
408 1548 512 1588 venia,

214 1596 337 1629 Du1eor
360 1596 395 1627 in
419 1595 547 1638 amaris,

169 1641 267 1688 Erue,
294 1644 447 1687 propitia,

216 1692 267 1725 De
292 1690 453 1732 profundo
479 1691 576 1723 maris

172 1738 317 1784 Miseros,
345 1748 423 1780 quos
448 1740 581 1780 propria

216 1789 341 1821 Dextra
364 1788 496 1821 tuearis.

112 1869 144 1900 2.
170 1864 257 1900 Aroe
282 1864 413 1898 fraudes
438 1865 588 1907 hostium,

219 1914 359 1947 Fraudis
383 1914 520 1952 inimica,

170 1960 286 1996 Robur
310 1965 343 1993 te
367 1962 566 2001 querentium

218 2011 313 2043 Pacis
340 2012 373 2041 et
394 2009 504 2048 amica,

171 2056 394 2094 Imminentem
419 2058 587 2090 terminum

217 2107 313 2139 Lucis
338 2109 413 2138 tuae
436 2106 530 2146 mica,

170 2153 268 2190 Absit,
292 2156 361 2187 lues
386 2155 539 2195 sordium,

217 2204 328 2245 Sitque
352 2212 441 2235 mens
466 2202 595 2243 pudica.

114 2286 144 2318 3.
173 2279 303 2318 Gratior
327 2290 407 2324 prae
428 2281 554 2322 oeteriS‚

220 2332 323 2364 Ferre
349 2330 510 2363 Christum
537 2329 642 2370 digna,

169 2378 368 2421 Reginamm
396 2378 555 2420 praeteris

218 2428 340 2462 Cuncta
364 2428 495 2461 laudum
519 2427 620 2471 signa,

856 1451 963 1487 Ablue
987 1462 1045 1485 nos
1068 1452 1200 1484 sceleris

904 1501 1011 1533 Faece
1035 1503 1079 1542 tu,
1107 1499 1252 1543 benigna,

858 1546 1077 1589 Cuiuscunque
1103 1548 1228 1589 generis

905 1597 1029 1629 Amove
1051 1595 1203 1636 maligna.

825 1700 831 1706 .
857 1670 897 1707 In
923 1674 1068 1706 caelestis
1091 1672 1216 1712 patriae

906 1721 990 1754 Sede
1014 1720 1167 1762 stabilita,

858 1768 913 1803 Ad
942 1773 1017 1802 tuae
1042 1768 1228 1801 elementiae

905 1818 1042 1850 Fontem
1066 1826 1124 1850 nos
1148 1817 1260 1857 invita,

858 1863 975 1900 Potum
1004 1866 1096 1898 nobis
1121 1865 1243 1905 gloriae

906 1915 1028 1946 Parans
1053 1914 1085 1946 in
1111 1913 1171 1945 hac
1195 1913 1272 1953 vita,

857 1959 943 1996 Laus
968 1962 1028 1994 tibi
1051 1961 1194 1994 laetitiae

906 2011 1000 2043 Patet
1023 2009 1158 2042 infinita.

823 2113 830 2120 .
857 2084 929 2131 Eia,
957 2087 1058 2119 saneti
1084 2086 1216 2126 spiritus

905 2136 1094 2169 Fecundata
1117 2143 1200 2175 rore,

857 2181 934 2219 Nati
958 2184 1005 2216 tui
1031 2182 1163 2216 caelitus

902 2233 1005 2274 Reple
1030 2240 1086 2264 nos
1113 2239 1231 2271 amore,

855 2279 1055 2321 Animusque
1080 2279 1222 2311 concitus

905 2329 954 2362 Sit
980 2330 1046 2362 eius
1072 2327 1196 2370 timore,

857 2376 937 2413 Diro
963 2387 1023 2418 quo
1048 2378 1092 2410 sit
1115 2375 1243 2416 penitus

902 2426 1002 2459 Liber
1026 2435 1046 2458 a
1068 2423 1185 2458 furore.
