1651 2700
637 129 896 164 *143-

120 221 152 254 5.
179 221 425 255 circumventus
832 228 865 260 9.
888 227 1087 258 Adulescens

228 271 346 302 erroris
372 270 489 310 spiritu
939 274 1024 306 intra
1049 272 1234 305 coenobium

178 317 354 357 Teophilus
894 321 1005 353 Carnis
1029 321 1139 361 lapsus

228 367 260 396 et
284 374 393 397 rerum
419 366 541 398 ambitu
939 369 973 400 in
1000 368 1202 411 desiderium,

179 412 280 444 Totus
303 413 413 446 stabat
894 416 978 448 Dum
1004 416 1045 448 ad
1071 424 1149 455 opus

226 460 260 492 iu
286 461 399 493 mortis
424 461 525 502 aditu,
941 464 1004 495 exit
1029 463 1204 504 venerium,

178 507 257 541 Cum
282 509 371 541 illius
892 510 1100 543 Praefocatur

229 554 355 588 deflexa
379 556 498 597 gemitu
938 559 1049 599 lapsus
1072 558 1107 589 in
1134 556 1275 600 fiuvium,

180 604 261 636 Post
284 606 442 636 terrorem
892 606 989 645 Quem
1018 606 1057 638 de
1081 608 1183 637 morte

230 651 316 683 huno
341 652 381 683 ab
407 651 540 684 interitu
942 653 1047 686 vivum
1071 653 1114 684 ad
1136 653 1275 684 medium

276 699 465 733 Retraxisti.
986 701 1065 733 Mox
1089 700 1226 734 reducis.

120 795 151 828 6.
177 795 235 826 Me
259 794 420 835 serpentis
811 796 865 829 10.
892 796 947 828 Sic
970 805 1029 837 per
1053 798 1173 828 motum

226 851 328 883 prava
353 842 514 882 suggestio
940 844 1044 877 carnis
1068 844 1215 876 illicitum

177 890 258 930 Tuo,
284 892 398 929 mater,
890 892 1001 924 Mente
1026 900 1146 931 vagans

228 940 411 978 contempto
433 936 500 969 filio
940 942 1031 971 extra
1054 939 1254 979 propositum

179 985 296 1017 Totum
323 984 404 1017 facit
890 986 991 1018 Morti
1014 995 1117 1018 meum

228 1033 352 1065 servire
376 1032 465 1071 vitio,
939 1034 1051 1065 addixi
1075 1033 1232 1076 spiritum,

183 1080 300 1120 sicque
325 1080 437 1112 mortis
891 1080 1028 1112 Vivifioa
1051 1089 1111 1118 me,

230 1136 282 1159 me
305 1129 414 1160 manet
440 1128 536 1168 regio,
938 1137 978 1160 ne
1004 1131 1078 1168 post
1101 1127 1222 1159 obitum

181 1175 254 1207 Nisi
280 1185 339 1216 per
364 1178 397 1207 te
890 1176 1019 1215 Expers
1044 1175 1128 1214 fiam,

230 1222 388 1255 reformer
413 1223 492 1255 solio
939 1232 998 1263 per
1024 1222 1129 1255 carnis
1151 1223 1299 1254 meritum

278 1271 353 1303 Iesu
378 1269 508 1304 Christi.
989 1271 1092 1303 Verae
1115 1270 1206 1302 lueis.

123 1367 154 1399 7.
181 1365 376 1407 Ildefonsus‚
811 1366 865 1399 11.
893 1367 988 1399 Alter
1012 1365 1142 1406 quidam

229 1414 363 1446 antistes
387 1413 529 1454 inclitus,
941 1422 1037 1446 carne
1063 1412 1211 1452 deposita

181 1462 259 1494 Post
283 1462 426 1494 laborem
891 1462 1030 1501 Propter
1056 1460 1160 1492 carnis

229 1510 335 1542 devoti
360 1508 503 1550 spiritus,
939 1517 1094 1550 perversa
1117 1508 1232 1539 merita

180 1557 248 1596 Quo
274 1559 307 1588 te
330 1556 452 1596 laudat,
891 1556 1063 1597 Sepultura

228 1605 343 1645 dignus
369 1606 419 1636 est
441 1603 570 1635 habitus
937 1603 1084 1644 privatur
1111 1602 1229 1643 debita,

178 1652 236 1685 Uti
260 1655 350 1685 veste
890 1651 954 1684 Sed
979 1651 1037 1683 sub
1059 1650 1170 1690 lingua

225 1700 343 1733 collata
366 1698 509 1742 caelitus,
936 1708 1011 1731 rosa
1035 1706 1109 1730 mox
1134 1697 1221 1729 edita

175 1748 238 1780 Per
263 1757 357 1788 quam
383 1747 450 1779 eius
888 1747 1007 1779 Locum
1034 1747 1164 1787 dignum

223 1798 357 1838 accepta
382 1793 520 1828 servitus
934 1803 994 1835 per
1018 1797 1074 1826 tua
1098 1792 1219 1825 monita

270 1843 520 1876 Monstraretur.
980 1841 1105 1874 Reddit
1129 1840 1169 1874 ei.

115 1941 147 1974 8.
173 1940 313 1979 Pauper,
340 1938 445 1971 nudus
805 1938 863 1971 12.
887 1938 966 1970 Flos
992 1936 1140 1970 oaeiestis

223 1990 256 2019 et
279 1985 473 2019 miserabilis
938 1988 971 2017 et
994 1986 1081 2018 vitae
1105 1984 1218 2026 lilium,

174 2035 229 2067 Ad
251 2038 285 2066 te
310 2035 421 2077 clamo,
890 2033 1053 2066 Christum
1078 2041 1166 2073 roga,

222 2083 333 2123 regina
357 2081 486 2122 nobilis,
934 2080 1046 2114 florem
1073 2081 1274 2122 convallium,

173 2129 292 2164 Profer
316 2131 443 2171 stolam,
886 2129 937 2162 Ne
961 2138 1014 2162 me
1038 2132 1127 2162 terra

220 2189 284 2220 qua
307 2182 412 2211 mater
436 2178 556 2211 sterilis
935 2178 1044 2218 privet
1066 2176 1252 2218 viventium,

172 2227 229 2260 Me
253 2227 404 2268 privavit,
884 2226 948 2258 Sed
971 2229 1046 2266 post
1072 2226 1178 2257 carnis

218 2284 260 2308 ne
285 2275 535 2315 contemptibilis
932 2274 1027 2306 huius
1053 2273 1213 2306 excidium

168 2324 247 2365 Sim,
271 2333 343 2356 cum
369 2323 438 2356 dies
887 2322 1007 2355 Locum
1032 2321 1112 2354 mihi

216 2373 276 2406 illa
301 2371 458 2404 terribilis
932 2373 1077 2412 praestet
1101 2370 1135 2402 et
1158 2368 1272 2400 solium

265 2421 469 2454 Adducetur.
982 2417 1127 2458 Requiei.
