1651 2700
200 663 254 696 10.

204 1065 258 1099 11.

204 1472 258 1504 12.

207 1875 261 1908 13.

210 2283 264 2316 14.

709 156 971 192 —114—

248 279 255 287 .
281 256 330 288 Tu
355 264 387 287 es
412 256 526 289 mentis
552 255 678 289 sauciae

330 304 494 336 nardicum
519 305 721 345 unguentum,

280 351 392 383 Murra
415 350 639 392 probatissima

327 398 476 430 membris
501 398 726 437 paenitentum,

282 446 331 477 Tu
356 453 389 476 es
413 446 511 476 melos
535 444 674 475 tn'stium

327 493 447 524 leniens
471 493 652 532 lamentum,

281 540 330 571 Tu
354 540 470 572 amoris
494 538 655 579 pabulum,

328 587 428 618 virtus
455 589 487 617 et
511 583 694 618 fomentum.

279 662 327 693 Tu
354 669 386 693 es
410 661 512 693 caecis
538 661 657 699 00111115,

329 711 364 740 tu
390 716 422 739 es
446 716 503 748 pes
529 707 723 747 claudorum,

280 755 329 787 Tu
355 762 387 786 es
412 755 515 795 aegris
540 754 682 794 baculus,

328 805 363 833 tu
387 810 419 833 es
447 811 507 834 vox
531 805 699 840 mutorum,

282 849 331 881 Tu
356 857 389 880 es
411 853 521 890 portus
546 848 719 889 naufragiS,

330 899 365 928 tu
390 905 422 927 es
447 905 520 936 spes
545 896 716 939 lapsorum,

283 943 331 974 Tu
357 951 389 975 es
415 944 522 975 nutrix
547 943 660 975 sedula

330 990 448 1024 Christi
473 991 688 1032 parvulorum.

284 1066 333 1098 Tu
358 1074 391 1097 es
416 1074 525 1098 mensa
549 1074 725 1106 pauperum

332 1113 468 1154 panibus
493 1111 622 1155 referta,

286 1160 404 1192 Civitas
429 1159 544 1199 refugii

332 1205 476 1247 profugis
501 1210 621 1248 apert-a,

286 1255 372 1287 Fons
397 1252 571 1287 fecundans
597 1254 689 1286 arida

335 1301 476 1333 cordium
501 1301 637 1341 deserta,

284 1349 394 1380 Palma
420 1348 497 1380 dans
523 1348 675 1380 victoriae

331 1395 506 1436 paenitenti
531 1398 626 1430 serta.

284 1471 393 1503 Vellus
420 1479 452 1502 es
475 1471 646 1503 virtutibus

333 1518 470 1549 vestiens
495 1518 662 1559 algentem,

285 1565 382 1604 Area,
409 1574 488 1604 quae
512 1566 618 1598 tritico

333 1620 424 1643 sacro
449 1612 554 1651 pascis
578 1615 725 1653 mentem,

286 1659 396 1691 Rubus
421 1660 537 1691 ardens
562 1660 698 1691 animam

334 1705 454 1737 faciens
478 1704 663 1745 ferventem,

285 1753 431 1785 Thronus
455 1754 519 1784 reis
545 1754 717 1792 providens

334 1799 470 1831 iudicem
497 1800 692 1833 clementem.

288 1875 337 1906 Tu
359 1875 475 1907 amoris
500 1874 613 1908 fornax
639 1885 671 1908 es

336 1922 415 1954 vitia
440 1924 619 1964 cremando,

288 1969 421 2002 Pietatis
445 1968 558 2002 fluvius

338 2020 440 2048 castos
464 2018 655 2058 dealbendo,

290 2064 339 2096 Tu
363 2072 396 2095 es
419 2064 527 2096 David
551 2066 674 2098 cithara

339 2111 506 2143 daemones
530 2110 679 2154 fugando,

291 2158 341 2190 Tu
365 2158 507 2190 eiusdem
529 2160 628 2192 clavis
653 2169 687 2192 es

338 2205 443 2238 caelos
468 2208 650 2240 reserando.

291 2282 340 2314 Tu
364 2291 396 2314 es
422 2281 661 2314 tabernaculum

340 2330 374 2361 in
400 2329 525 2361 deserto
549 2332 694 2371 stratum,

293 2376 383 2417 Quod
407 2376 441 2408 in
465 2379 571 2409 monte
598 2376 703 2410 fuerat

340 2425 448 2464 Moysi
471 2427 689 2466 monstratum,

879 469 934 502 15.

878 877 933 910 16.

883 1282 937 1315 17.

887 1689 942 1721 18.

890 2098 945 2131 19.

960 253 1009 284 Tu
1034 252 1157 283 cortina
1180 250 1367 291 praeferens

1008 299 1176 338 mysticum
1198 301 1354 337 ornatum,

961 347 1010 378 Tu
1035 349 1156 379 retorta
1182 345 1295 385 byssus
1320 354 1353 377 es

1007 393 1136 433 signans
1162 393 1361 426 caelibatum.

960 469 1010 501 Tu
1035 476 1067 500 es
1090 469 1175 501 sicca
1200 468 1324 509 virgula

1009 517 1088 548 dans
1113 518 1246 556 repente
1270 524 1375 560 nuces,

960 563 1011 595 Tu
1038 564 1214 595 ascendens
1238 568 1363 604 puteus,

1009 619 1101 650 quem
1125 610 1284 650 parabant
1311 610 1417 651 duces,

960 657 1009 689 Tu
1033 657 1165 690 lucerna
1186 657 1326 698 Domini,

1008 714 1082 737 nam
1108 705 1264 743 exemplis
1288 705 1387 746 luces,

961 752 1155 794 Monstrans,
1169 760 1229 791 per
1246 761 1338 792 quam
1348 753 1491 784 semitam

1008 803 1079 832 tuos
1105 800 1181 832 hinc
1205 800 1331 834 educes,

960 877 1009 908 Tu
1035 884 1068 907 es
1093 875 1174 908 Sara
1196 876 1326 915 pariens

1006 924 1105 955 risum
1130 924 1248 955 mundo
1273 922 1373 963 flenti,

961 971 1011 1002 Tu
1034 970 1183 1003 Rebecca
1206 969 1303 1003 fidem
1331 971 1409 1003 dans

1008 1019 1102 1051 Isaac
1127 1018 1279 1059 cernenti,

962 1065 1084 1098 Rachel
1110 1065 1205 1098 Iacob
1232 1065 1396 1097 attrahens

1012 1112 1095 1144 facie
1120 1113 1256 1152 decenti,

963 1159 1024 1191 Lia
1046 1162 1170 1199 grat-am
1195 1159 1338 1191 subolem

1009 1206 1132 1238 addens
1157 1210 1231 1239 tuae
1252 1206 1348 1247 genti.

963 1282 1012 1314 Tu
1038 1290 1071 1313 es
1095 1283 1206 1315 Iudith
1232 1282 1381 1315 auferens

1011 1332 1108 1369 caput
1129 1329 1310 1372 Holoferni,

965 1377 1084 1409 Esther
1108 1378 1177 1417 pati
1201 1379 1345 1410 nesciens

1014 1434 1103 1457 suam
1128 1427 1254 1465 gentem
1279 1426 1399 1467 sperni,

964 1473 1042 1507 Iael.
1068 1481 1128 1513 per
1153 1481 1245 1513 quam
1270 1474 1415 1505 novimus

1013 1519 1151 1552 sisaram
1175 1521 1347 1559 prosterni,

964 1566 1103 1606 Debora,
1131 1576 1193 1607 qua
1218 1567 1330 1607 populi

1013 1613 1091 1646 victi
1115 1617 1189 1646 sunt
1213 1615 1349 1648 externi.

969 1689 1019 1721 Tu
1044 1697 1077 1720 05
1101 1689 1159 1721 illa
1182 1689 1296 1722 Noemi

1013 1736 1109 1768 valde
1133 1738 1286 1777 speciosa,

967 1784 1016 1815 Tu
1042 1792 1075 1814 es
1099 1784 1188 1816 Ruth
1213 1785 1401 1828 humillima,

1015 1832 1137 1863 cunctis
1162 1833 1312 1876 gratiosa,

969 1878 1080 1911 Virum
1105 1879 1166 1911 Dei
1191 1880 1357 1920 hospitans

1017 1926 1051 1957 in
1076 1928 1109 1958 te
1133 1928 1281 1968 gloriosa,

972 1973 1037 2005 Per
1061 1983 1154 2013 quam
1180 1980 1332 2015 reparata
1356 1980 1432 2009 sunt

1019 2024 1163 2055 monstra
1187 2023 1327 2057 ruinosa.

971 2097 1016 2129 Et
1038 2098 1108 2137 quis
1132 2102 1243 2139 posset,
1265 2101 1410 2134 scribere

1017 2145 1127 2188 verba,
1152 2154 1203 2179 res
1230 2151 1262 2179 et,
1284 2149 1386 2191 signa,

972 2192 1093 2231 Quibus
1118 2194 1323 2235 praesignata
1348 2206 1392 2240 eS‚

1019 2241 1108 2280 virgo
1132 2241 1202 2274 Deo
1228 2243 1334 2284 digna,

973 2288 1057 2320 Vere
1080 2288 1135 2327 qui
1154 2292 1188 2321 te
1213 2291 1319 2324 colere

1020 2335 1138 2376 studet,
1165 2346 1183 2369 0
1208 2336 1356 2381 benigna,

971 2382 1068 2414 Illum
1093 2392 1252 2424 nunquam
1275 2385 1389 2418 fallere

1021 2431 1129 2469 potest
1153 2440 1205 2463 ars
1229 2434 1385 2476 maligna,
