1651 2700
261 286 286 315 1.
307 289 378 324 Ave,
397 286 500 316 matris
521 295 571 315 eor
589 286 740 322 benignae,

310 333 394 370 Quod
414 333 546 364 crudeles
566 334 701 371 pungunt
719 332 821 369 spinae

343 382 413 411 Nati
432 380 510 411 fixae
530 381 628 418 capiti,

302 429 351 459 Illi
372 432 459 468 caput
477 428 670 467 perforarunt,

303 478 371 507 Tibi
394 480 496 515 pectus
516 477 683 506 lacerarunt

339 525 443 554 Mundi
465 524 552 561 culpa
570 523 687 562 perditi.

304 572 375 610 Fige
394 581 498 606 meum,
518 579 556 600 ne
575 574 702 608 vagetur,

304 619 494 654 Intellectum,
515 618 568 648 sed
587 619 709 647 rimetur

340 667 445 704 Plagas
465 669 530 695 tuas
547 665 679 698 dulciter,

300 715 348 744 Tu
368 723 434 744 eum
451 712 529 748 Iesu,
549 713 632 742 Iesus
652 716 757 746 tecum,

302 762 449 791 Maneatis
469 768 585 797 semper
603 768 716 790 mecum

338 807 550 846 Amplectendo
576 807 698 837 fortiter.

256 865 282 894 ἢ.
302 867 373 900 Ave,
394 865 494 894 matris
516 873 566 894 cor
585 865 712 903 lugentis

301 913 385 949 Quod
406 912 477 942 diris
499 912 596 942 clavus
616 913 768 943 tormentis

339 960 469 990 Dextrae
488 968 591 990 manus
616 960 722 994 afficit3

302 1008 385 1037 Felix
406 1008 511 1043 clavus,
537 1009 586 1046 qui
607 1008 736 1037 divinum

301 1055 409 1085 Natum
431 1055 515 1086 Slmul
537 1059 567 1085 et
585 1056 741 1093 benignum

339 1103 443 1133 Matris
462 1106 565 1140 pectus
585 1102 710 1133 conficit.

302 1151 356 1180 Pia
374 1155 467 1180 mater
485 1150 687 1188 redemptoris,

303 1198 359 1227 Tui
379 1198 484 1227 leniter
504 1199 611 1228 amoris

341 1246 414 1274 Mihi
434 1253 552 1275 manum
573 1246 687 1281 adhibe,

301 1293 402 1331 Tange
422 1294 542 1330 lepram,
565 1297 594 1322 et
612 1293 783 1328 mundabor.

300 1340 402 1378 Tange
421 1340 535 1376 vulnus,
557 1344 587 1370 et
605 1341 738 1371 sanabor.

338 1388 379 1417 Et
396 1391 566 1425 peccantem
590 1389 702 1418 cohibe.

254 1444 281 1475 3.
302 1447 372 1482 Ave,
393 1448 495 1483 pectus
518 1447 619 1476 matris
640 1447 742 1482 almae,

300 1493 352 1522 (ni
372 1494 508 1523 sinistrae
528 1494 632 1524 vulnus
652 1494 767 1531 palmae

339 1540 442 1569 Dirum
464 1541 569 1570 vulnus
589 1541 742 1579 imprimit;

300 1586 361 1617 Iste
382 1588 480 1617 clavus
499 1588 553 1618 tibi
574 1589 742 1626 impressus,

302 1637 365 1671 Quo
385 1635 538 1672 perimitur
557 1636 649 1672 Iesus,

337 1682 447 1720 Culpae
466 1686 589 1712 mortem
608 1684 733 1722 perimit.

302 1729 375 1767 Tuo,
396 1731 536 1768 genetrix,
558 1731 660 1762 dolore

302 1777 489 1814 Salutarique
509 1778 612 1807 timore

339 1824 448 1854 Carnes
467 1833 549 1855 meas
568 1827 677 1862 saucia,

299 1869 344 1901 Ut
363 1875 484 1910 peccata
503 1877 667 1912 caveantur,

301 1919 376 1949 Dum
397 1920 547 1950 tremenda
567 1920 760 1953 formidantur

338 1967 456 1998 Domini
476 1967 594 1998 iudicia.

869 187 890 223 6

937 281 966 310 4.
987 283 1058 316 Ave,
1078 280 1182 310 matris
1202 289 1252 311 eoi·
1273 283 1429 312 sacratum,

989 328 1074 365 Quod
1093 328 1277 366 contemplor
1299 328 1481 357 cruentatum

1023 375 1127 406 Dextri
1148 375 1233 412 pedis
1254 374 1384 413 cuspide,

985 423 1033 452 Ad
1053 427 1082 453 te
1102 423 1194 452 currit
1213 432 1264 453 cor
1284 422 1409 452 amantis

984 471 1167 507 Animusque
1187 470 1374 508 singultantis

1024 518 1068 548 Te
1088 518 1219 555 suspirat
1238 518 1332 548 avide.

985 564 1009 595 O
1029 567 1056 596 si
1072 569 1141 595 tuae
1160 566 1305 595 castitatis

984 613 1089 644 Suavis
1110 613 1185 643 odor
1204 614 1334 643 hamatis

1021 662 1072 692 Me
1093 662 1209 699 sagittis
1230 661 1324 696 feriat,

982 709 1023 740 Ut
1043 710 1186 740 exstincto
1208 709 1303 739 earnis
1324 708 1402 737 bello

985 758 1051 787 Tua
1069 759 1165 795 pietas
1184 758 1215 787 in
1237 759 1318 787 caelo

1021 806 1072 836 Me
1091 806 1233 835 victorem
1254 807 1360 845 capiat.

956 884 962 890 .
983 864 1055 899 Ave,
1076 863 1178 893 matris
1200 872 1250 893 eor
1270 862 1431 898 adflictum,

985 911 1069 947 Quod
1091 920 1154 942 cum
1175 915 1245 942 nato
1267 920 1385 950 gravem
1405 912 1496 941 ictum

1022 958 1113 989 Laevi
1133 959 1219 997 pedis
1238 959 1360 997 patei-Is,

983 1006 1102 1037 Nullam
1123 1008 1241 1045 culpam
1262 1017 1328 1037 cum
1347 1007 1485 1045 patraris,

983 1053 1068 1084 Omni
1088 1063 1186 1094 poena
1206 1056 1354 1089 cruciaris,

1021 1102 1107 1133 Omni
1127 1103 1217 1141 plaga
1236 1104 1372 1134 laederis.

982 1150 1028 1180 Ne
1050 1160 1097 1181 me
1118 1151 1213 1189 culpis
1232 1152 1421 1188 maculatum,

983 1199 1034 1228 Me
1053 1199 1214 1229 sceleribus
1233 1199 1384 1230 foedatum

1021 1247 1130 1277 Poenis
1152 1247 1227 1277 dede
1242 1247 1365 1282 meritis,

982 1294 1023 1324 Ut
1042 1304 1107 1324 cuni
1127 1295 1191 1324 miti
1211 1295 1378 1325 humilitate

981 1342 1154 1381 Humilique
1174 1348 1350 1381 paupertate

1019 1391 1093 1421 Tuis
1116 1390 1209 1420 addar
1229 1391 1365 1422 subditis.

954 1469 960 1476 .
981 1450 1052 1484 Ave,
1074 1449 1176 1478 matris
1197 1458 1248 1479 eor
1269 1450 1421 1485 honestae,

983 1496 1072 1526 Cuius
1093 1496 1231 1527 Simeone
1249 1498 1328 1528 teste

1018 1544 1108 1574 Ensis
1128 1543 1195 1573 fidit
1213 1545 1328 1584 intima,

981 1591 1059 1621 Dum
1079 1591 1209 1622 defuncti
1229 1593 1307 1624 latus
1327 1595 1391 1623 nati

982 1638 1075 1677 Rupit
1092 1640 1194 1670 militis
1216 1643 1322 1671 armati

1020 1687 1116 1718 Hasta
1137 1688 1356 1728 crudelissima3

981 1735 1017 1764 In
1040 1739 1071 1765 te
1090 1736 1194 1774 spinae
1214 1738 1412 1774 coniurarunt,

983 1783 1072 1820 Clavi,
1095 1793 1167 1814 crux
1187 1789 1217 1814 et
1236 1794 1313 1823 quae
1331 1786 1491 1818 foedarunt

1019 1831 1130 1870 Flagra
1150 1832 1225 1862 dura
1246 1833 1348 1870 filium,

982 1879 1023 1910 Ut
1043 1889 1108 1910 cum
1128 1885 1197 1911 nato
1217 1883 1355 1913 morienti

982 1927 1137 1958 Maternae
1157 1931 1287 1967 supersit
1304 1933 1396 1962 menti

1021 1975 1141 2007 Nullum
1161 1977 1353 2017 refrigerium.

325 2026 377 2061 Zu
402 2026 573 2063 beaohten
595 2029 642 2063 ist.
665 2030 778 2065 neben
804 2032 884 2068 dem
900 2033 1022 2070 Reime
1050 2037 1081 2078 1,
1107 2035 1126 2070 1
1153 2048 1188 2073 u.
1214 2036 1239 2072 f.
1264 2040 1334 2075 und
1362 2041 1396 2083 2,
1424 2042 1446 2075 4
1463 2053 1497 2077 u.
1515 2042 1539 2078 f.

232 2083 287 2117 die
311 2083 444 2119 Elision
470 2083 509 2125 3,
537 2084 560 2118 4
583 2086 654 2121 und
680 2086 721 2129 5,
749 2087 792 2122 10
818 2090 923 2126 sowie
949 2091 1010 2127 der
1037 2093 1228 2139 Umstand,
1256 2096 1331 2133 dass
1356 2100 1539 2136 samtlirlw

229 2140 448 2176 mannlichen
474 2140 716 2188 (jambisehen)
740 2144 862 2182 Reime
885 2148 957 2184 sich
983 2150 1046 2186 auf
1066 2152 1152 2187 zwei
1177 2151 1298 2189 Silben
1326 2158 1536 2194 erstrecken.

320 2216 465 2259 Wien,
492 2217 559 2252 den
584 2219 639 2255 24.
666 2219 864 2259 November
890 2224 992 2260 1898.

904 2339 1061 2387 Guiclo
1094 2341 1250 2389 Maria
1280 2346 1477 2397 Dreves,
