1651 2700
734 178 967 213 —52-

242 302 249 310 .
275 275 377 309 Stella
400 276 489 314 caeli,
516 277 602 309 cuius
627 278 714 308 ortus
898 276 952 310 10.
979 276 1059 318 Ave,
1085 278 1198 317 mater,
1223 276 1312 317 virgo
1341 279 1458 318 tamen,

275 324 342 356 Nos
368 325 409 357 ad
436 324 520 356 vitae
543 323 643 356 traxit
666 326 777 364 portus
978 323 1076 362 Quam
1102 323 1253 356 fecundat
1276 324 1374 357 verbo
1391 322 1506 357 flamen

322 373 399 405 Post
423 372 532 403 mundi
555 369 730 414 naufragia,
1024 371 1095 404 Non
1122 371 1183 404 viri
1207 373 1350 413 materia,

274 419 419 451 Paradisi
443 421 479 451 tu
502 418 653 460 fenestra,
975 418 1061 458 Ergo
1087 419 1174 451 rivus
1199 420 1286 459 parit
1309 419 1439 459 fontem,

274 466 347 499 Non
371 467 456 507 quod
478 469 550 498 tuos
574 465 659 498 feras
684 468 785 506 extra,
976 465 1076 506 Virga
1092 467 1232 506 cedrum,
1256 468 1350 499 vallis
1365 470 1504 499 montem

321 513 384 546 Sed
408 513 493 546 intra
517 513 646 553 palatia.
1023 514 1061 546 1n
1090 513 1333 555 magnificentia.

239 606 245 613 .
271 581 320 613 Tu
348 580 495 620 specular
518 587 613 612 verae
637 579 727 619 lucis,
895 579 949 613 11.
975 580 1052 613 Flos
1078 580 1220 622 pudoris,
1255 590 1318 613 non
1344 579 1502 622 efflorens,

272 627 358 666 Quae
383 627 424 660 ad
449 635 556 659 veram
581 627 682 658 lucem
709 626 798 657 ducis
976 627 1098 659 Cedrus
1119 628 1195 667 alta,
1220 628 1327 667 palma
1350 626 1478 669 florens,

319 675 456 707 Nostrae
483 674 584 705 noctis
609 673 734 713 taedia3
1022 675 1125 707 Vallis
1150 674 1281 716 gignens
1304 676 1384 715 lilia,

272 723 353 763 Ave,
379 721 466 754 sidus
492 721 689 762 matutinum,
974 722 1132 763 Flagrans
1143 724 1253 755 domus
1262 725 1503 764 unguentorum,

274 769 399 801 Fletum
425 771 551 808 tergens
575 769 801 809 vespertinum,
974 771 1059 804 Aula
1083 770 1153 815 Dei,
1183 770 1362 803 divinorum

317 816 405 848 Dans
430 819 502 855 post
526 816 629 848 luctus
654 816 779 856 gaudia.
1022 817 1220 851 Secretorum
1248 819 1384 851 conseia.

238 907 244 914 .
270 882 406 915 Deitatis
431 885 672 924 sacramentum,
894 885 946 917 12.
974 885 1076 918 Mirus
1106 885 1186 917 odor
1209 884 1243 916 in
1267 885 1328 917 hac
1352 885 1455 926 domo,

269 929 379 962 Novae
401 930 481 970 legis
507 933 734 972 argumentum,
974 932 1073 966 Plena
1097 935 1177 975 ture,
1205 933 1401 965 cinnamomo

320 978 413 1010 Vitae
434 978 577 1017 pandens
602 978 694 1021 atria,
1022 980 1175 1021 Omnique
1198 979 1383 1022 fragrantia,

274 1024 368 1057 Carta
392 1025 462 1065 Dei,
490 1035 583 1066 quam
606 1026 778 1072 inscripsit,
972 1028 1069 1069 Ergo,
1095 1028 1196 1060 nostri
1220 1028 1404 1069 mediatrix,

275 1073 312 1105 In
337 1082 399 1113 qua
423 1072 553 1105 verbum
579 1083 669 1106 suum
694 1075 822 1115 scripsit
974 1075 1093 1108 Nostra
1117 1077 1203 1108 salus
1229 1078 1261 1107 et
1285 1076 1449 1119 salvatrix,

316 1121 421 1153 Patris
446 1121 658 1160 providentia.
1021 1122 1121 1155 Nobis
1147 1124 1191 1155 sis
1215 1123 1367 1163 propitia.

236 1211 243 1217 .
270 1188 308 1219 In
334 1196 395 1227 qua
420 1187 551 1219 verbum
575 1187 808 1223 substantivum
893 1191 947 1224 13.
974 1188 1041 1222 Nos
1066 1190 1208 1222 abiectos
1230 1199 1290 1230 pro
1316 1192 1458 1231 peccato,

269 1233 362 1266 Fecit
385 1240 479 1275 pater
500 1235 692 1268 adiectivum
972 1236 1069 1278 Nata,
1094 1238 1190 1278 patri,
1215 1240 1328 1280 mater,
1353 1241 1429 1271 nato

317 1282 455 1314 Adiecta
479 1282 666 1323 substantia,
1023 1284 1203 1318 Clementer
1228 1286 1372 1327 concilia,

272 1329 389 1362 Lectus
414 1329 495 1362 rosis
519 1334 728 1372 praeparatus
978 1332 1036 1364 Via
1059 1333 1154 1376 vitae,
1183 1332 1245 1364 duc
1270 1334 1312 1366 ad
1336 1336 1474 1375 portum,

268 1376 312 1408 Et
341 1378 512 1409 multorum
538 1378 725 1411 candidatus
974 1381 1075 1414 Stella
1098 1381 1205 1420 mariS,
1234 1381 1296 1413 duc
1320 1382 1362 1414 ad
1388 1385 1491 1414 ortum

317 1424 473 1457 Liliorum
498 1426 599 1465 copia.
1022 1428 1084 1460 Per
1106 1431 1157 1461 tot
1179 1429 1277 1460 maris
1305 1429 1408 1462 devia.

236 1516 243 1523 .
270 1491 308 1522 In
333 1500 393 1531 quo
420 1492 482 1524 sibi
508 1493 696 1532 copulantur
893 1495 947 1529 14.
974 1494 1084 1528 Dulcis
1109 1498 1212 1528 mater
1236 1496 1309 1528 Iesu
1335 1496 1464 1536 Christi,

270 1537 315 1569 Et
338 1547 373 1570 se
398 1539 491 1571 simul
516 1541 698 1572 osculantur
974 1544 1059 1582 Quae
1085 1543 1234 1575 Satanam
1262 1543 1408 1575 devicisti

318 1585 460 1618 Christus
486 1589 517 1618 et
542 1587 684 1626 ecclesia,
1021 1590 1174 1623 Miranda,
1196 1592 1349 1630 potentia,

271 1632 395 1665 Novum
420 1642 517 1673 genus
542 1635 733 1678 nuptiarum,
973 1637 1057 1670 Nato
1080 1638 1164 1678 iube,
1190 1646 1296 1678 regem
1322 1648 1389 1678 ora,

268 1681 306 1713 111
332 1690 392 1720 quo
416 1690 498 1713 nova
521 1684 705 1714 naturarum
973 1684 1017 1718 Ut
1043 1687 1167 1725 peccati
1192 1686 1261 1718 sine
1284 1696 1374 1719 mora

318 1728 474 1760 Parantur
500 1729 652 1771 coniugia.
1020 1732 1121 1765 Nobis
1148 1735 1241 1767 detur
1266 1735 1368 1768 venia.

276 1814 355 1842 Orat.
378 1822 430 1841 ms.
453 1813 683 1843 Caelestino-uni
703 1824 778 1844 saec.
800 1814 846 1844 15.
888 1817 956 1845 Cocl.
979 1818 1106 1846 Parisin.
1129 1816 1236 1847 18571.

647 1955 697 1986 40.
725 1956 767 1988 De
787 1957 883 1988 beata
903 1958 1003 1990 Maria
1022 1958 1058 1989 V.

236 2058 243 2066 .
270 2035 349 2074 Ave,
375 2035 474 2076 virgo,
500 2036 594 2068 stella
617 2037 722 2080 maris,
891 2041 921 2072 2.
949 2039 1071 2083 Gaude,
1099 2040 1189 2081 virgo
1214 2050 1380 2081 generosa,

269 2082 348 2113 Ave.
375 2084 477 2114 mater
503 2091 615 2124 expers
640 2085 746 2129 maris,
949 2087 1072 2129 Gaude,
1097 2091 1200 2121 mater
1221 2089 1368 2130 gloriosa,

271 2128 345 2160 Sola
366 2138 483 2169 parens
506 2134 629 2170 patrem
654 2133 741 2171 paris
947 2136 986 2168 In
1009 2135 1071 2168 hac
1096 2136 1180 2168 valle
1203 2139 1386 2177 procellosa

317 2176 506 2209 Fecundam,
529 2179 673 2213 caelitus.
994 2182 1097 2216 Nobis
1123 2187 1191 2216 esto
1214 2186 1358 2223 praevia.

271 2223 374 2263 Salve,
400 2223 500 2265 virgo,
527 2234 599 2265 spes
625 2234 761 2269 reorum⁷
948 2230 1038 2273 Vale,
1066 2231 1166 2271 virg0‚
1193 2240 1311 2271 sponsa
1336 2234 1469 2276 Christi,

271 2272 375 2313 Salve,
401 2274 512 2311 mater,
539 2282 612 2312 spes
635 2273 807 2317 lapsorum,
948 2278 1039 2317 Vale,
1065 2281 1179 2320 mater,
1206 2288 1287 2319 quae
1313 2282 1432 2316 dedisti

271 2320 335 2352 Per
352 2328 444 2360 quam
463 2321 579 2352 mundo
593 2329 649 2352 rex
663 2322 821 2355 caelorum
948 2326 992 2358 Et
1019 2326 1071 2358 lac
1094 2326 1145 2357 illi
1170 2327 1357 2374 praebuisti,

318 2368 430 2400 illuxit
452 2367 643 2409 humanum,
995 2374 1058 2406 Per
1083 2382 1176 2413 quem
1202 2375 1314 2408 vivunt
1338 2379 1454 2422 omnia,

270 2415 427 2448 Miserere
451 2419 653 2455 peccatorum
949 2422 1013 2454 Per
1039 2421 1209 2466 Christum,
1238 2433 1329 2464 quem
1356 2428 1503 2474 genuisti,

320 2463 519 2497 Consolaudo
543 2463 686 2505 gemitus,
996 2468 1102 2501 Trahe
1130 2479 1186 2502 nos
1213 2471 1256 2503 ad
1281 2474 1408 2513 gaudia.
