1651 2700
727 173 984 208 —230—

560 273 593 306 8.
618 273 745 310 Vosque
769 278 855 312 rogo,
883 278 901 301 0
929 267 1044 307 devoti,

616 319 679 351 Hic
702 318 840 359 plorare,
867 316 928 348 mei
953 315 1031 356 noti,

663 365 742 398 Tam
769 363 872 397 dirum
897 362 1099 403 supplicium,

612 413 659 446 Ut
681 415 753 452 post
778 420 852 444 suos
878 409 1104 443 commensales

614 460 677 492 Vos
703 458 801 490 faciat
825 461 857 490 et
879 458 1005 491 sodales

657 506 873 546 supernorum
898 505 1025 538 civium.

280 594 360 623 Offic.
380 594 413 622 B.
424 593 464 621 M.
475 593 509 620 V.
530 594 599 627 imp.
619 594 651 618 in
672 591 774 618 Castro
795 589 893 618 Lam-0
917 587 1000 617 1503.
1020 604 1058 608 -
1077 587 1103 624 8,
1125 586 1143 615 2
1163 590 1235 616 nati.

649 710 710 742 187.
739 709 782 741 De
801 709 898 740 beata
917 709 1018 741 Maria
1039 710 1074 740 V.

239 818 244 824 .
271 791 371 831 Virgo
396 793 507 832 mater,
535 790 621 823 cuius
646 792 739 831 pater

320 839 367 871 Te
392 839 518 879 giguete
541 837 676 878 paritur,

274 886 328 918 Sic
351 887 495 925 prolatus
521 888 553 917 et
576 885 712 917 lactatus

319 934 433 966 Pastor
457 933 588 965 verbum
614 934 765 964 noscitur.

241 1034 247 1042 .
276 1009 363 1042 Gisia
388 1008 507 1041 Christi
531 1007 673 1040 tribuisti

318 1055 453 1100 Nubem,
479 1056 512 1087 in
538 1064 601 1096 qua
620 1055 725 1095 latuit,

271 1104 354 1143 Quos
380 1103 508 1145 creavit,
535 1103 645 1143 poenis
670 1103 759 1144 lavit,

319 1152 403 1191 Quas
427 1151 513 1182 ultra
537 1150 695 1183 sustinuit.

239 1250 245 1257 .
273 1225 354 1258 Nam
378 1235 437 1265 pro
462 1225 527 1257 suis
552 1227 646 1266 atque
671 1227 733 1259 tuis

316 1273 451 1305 Exstitit
473 1272 705 1316 obtemperans,

269 1321 316 1352 At
339 1324 411 1361 post
437 1329 559 1353 crucem
586 1319 662 1353 Sion
689 1322 801 1354 ducem

316 1367 504 1400 Resurrexit
527 1376 714 1408 properans,

239 1467 246 1475 .
272 1442 310 1474 Id
326 1451 399 1475 mox
411 1444 533 1485 pandit,
551 1444 681 1476 tandem
694 1445 822 1478 scandit

315 1489 468 1531 Misitque
491 1491 690 1536 paraclitum,

269 1536 351 1570 Fide
373 1540 453 1580 rata,
480 1547 537 1578 spe
560 1539 697 1579 probata

319 1585 407 1618 Caeli
433 1586 511 1618 dans
536 1586 710 1619 introitum.

237 1683 244 1692 .
270 1659 451 1699 Apparebit
475 1669 513 1692 ac
536 1661 662 1692 sedebit

319 1706 428 1739 Palam
452 1708 553 1739 iustus
578 1708 710 1750 arbiter,

269 1752 320 1784 Ne
346 1753 539 1797 damnemur,
567 1755 625 1787 sed
650 1755 819 1795 salvemur,

317 1801 420 1841 Terge
447 1802 555 1841 culpas
579 1802 706 1843 iugiter.

237 1901 244 1908 .
270 1876 338 1916 Ope
362 1880 490 1916 praesto
516 1887 642 1918 semper
667 1880 746 1920 esto,

318 1924 422 1964 Large
448 1933 500 1957 ros
527 1926 723 1968 clementiae,

269 1970 371 2003 Necte
393 1981 516 2014 preces,
543 1973 619 2014 fuga
642 1973 748 2007 faeces

320 2018 429 2051 Cladis
458 2023 487 2052 et
513 2021 687 2062 angustiae.

236 2119 244 2127 .
269 2093 337 2125 Vas
364 2094 514 2127 donorum
540 2097 739 2138 optimorum,

316 2142 448 2174 Plenum
470 2143 655 2186 privilegiis,

267 2187 332 2221 Lar
356 2188 521 2234 virtutum,
545 2194 674 2231 pontem
698 2194 801 2224 tutum

315 2236 409 2269 Strue
432 2238 533 2278 mergi
558 2239 702 2272 consciis.

234 2328 242 2336 .
267 2302 325 2343 Te,
349 2302 467 2346 Maria,
494 2306 582 2337 certa
604 2305 658 2337 via

315 2350 417 2390 Vitae,
445 2359 525 2392 quae
548 2361 612 2384 non
636 2352 753 2394 deficit,

267 2398 314 2431 Ut
337 2400 369 2430 te
393 2399 532 2439 laudem,
557 2402 643 2431 tuam
669 2400 795 2432 laudem

314 2444 417 2478 Nemo
439 2447 525 2486 loqui
548 2445 676 2480 sufficit.

920 790 952 824 9.

894 1008 949 1041 10.

892 1224 948 1258 11.

892 1442 947 1474 12.

892 1658 946 1692 13.

891 1877 945 1909 14.

893 2096 948 2129 15.

889 2306 946 2338 16.

979 790 1065 829 Quae
1090 789 1274 821 scribuntur
1299 791 1331 821 et
1348 789 1507 833 dicuntur,

1023 835 1133 877 Longe
1156 836 1412 879 supergrederis,

978 884 1070 917 Licet
1097 885 1191 916 claris
1217 884 1397 917 ostendaris

1025 932 1141 964 Inclita
1164 932 1237 972 plus
1264 931 1390 964 ceteris,

975 1008 1021 1039 Te
1033 1010 1108 1047 post
1115 1009 1186 1039 Ave
1195 1006 1266 1040 fans
1285 1007 1392 1050 „haud
1400 1005 1504 1047 pave“

1024 1054 1156 1086 Gabriel
1180 1054 1374 1096 magnificat,

975 1102 1107 1135 Cosmus
1120 1100 1212 1133 festis
1228 1100 1365 1142 demptis
1378 1102 1508 1134 maestis

1020 1149 1124 1181 Melos
1149 1149 1207 1181 tibi
1232 1149 1378 1190 replicat.

970 1224 1042 1257 Eva
1065 1225 1196 1265 luctum,
1222 1225 1281 1257 sed
1306 1227 1341 1257 tu
1366 1224 1506 1258 fructum

1022 1271 1150 1304 Fudisti
1175 1272 1329 1313 laetitiae,

972 1319 1083 1351 Firma
1105 1320 1220 1362 gaude,
1247 1320 1344 1360 plane
1364 1320 1493 1361 plaude,

1019 1364 1114 1399 Felix
1137 1367 1241 1400 imbre
1265 1369 1397 1408 gratiae.

973 1442 1030 1483 Te,
1047 1451 1107 1474 nec
1119 1442 1240 1484 labant,
1254 1443 1505 1484 praesignabant

1018 1489 1116 1522 Multi
1140 1490 1259 1523 dudum
1284 1492 1419 1534 indices,

973 1537 1019 1569 Et
1042 1538 1207 1570 ambarum
1231 1540 1419 1579 paginarum

1021 1584 1135 1618 Crebri
1159 1588 1340 1620 monstrant
1365 1588 1484 1627 apices.

973 1659 1023 1691 Tu
1046 1662 1217 1700 praecellis
1242 1662 1348 1705 lunae,
1375 1664 1491 1704 stellis,

1022 1706 1173 1749 Gemmis,
1200 1710 1406 1753 aromatibus,

972 1755 1062 1786 Auro
1086 1765 1178 1798 puro,
1204 1756 1282 1789 forti
1306 1767 1408 1799 muro,

1018 1801 1127 1845 Favis,
1153 1810 1250 1846 ostro,
1277 1803 1420 1838 floribus

973 1877 1103 1910 Grande
1127 1881 1234 1913 lumen
1260 1884 1293 1913 et,
1317 1891 1450 1915 acumen

1018 1925 1140 1960 Phoebi
1164 1926 1230 1961 fert
1253 1928 1386 1971 effulsio,

971 1972 1036 2006 Sed
1060 1975 1241 2015 splendoris
1265 1978 1430 2018 amplioris

1017 2021 1202 2056 Praemines
1228 2024 1369 2066 fastigio.

975 2097 1000 2130 O
1023 2100 1150 2139 regalis,
1177 2101 1270 2133 almis
1296 2102 1357 2134 alis

1020 2145 1145 2180 Praebe
1166 2150 1292 2189 tegmen
1318 2151 1469 2193 credulis,

970 2193 1174 2235 Impeiatrix,
1201 2198 1415 2231 restauratrix

1016 2241 1152 2275 Manens
1178 2244 1286 2285 ampla
1309 2247 1457 2281 saeculis.

969 2306 1087 2340 Mundi
1111 2312 1208 2352 sator,
1237 2311 1426 2355 dominator,

1017 2354 1115 2394 Quem
1140 2358 1278 2398 portasti
1301 2359 1415 2402 filium,

969 2401 1139 2443 Singulare
1163 2406 1233 2438 sine
1256 2415 1338 2447 pare

1017 2450 1092 2482 Tibi
1117 2453 1253 2493 sculpsit
1277 2456 1403 2490 solium.
