1651 2700
747 172 1005 208 —176—

321 269 360 301 Vi
386 269 426 301 tis
452 270 593 302 deessem
618 270 718 311 stygis
739 268 834 309 pesti.
999 268 1085 301 Hinc
1111 270 1213 311 culpis
1238 278 1364 310 semper
1386 269 1497 303 infesti

319 317 369 349 Tu
393 326 485 357 quam
509 318 614 357 gratia
640 316 785 356 deplesti,
918 318 973 350 30.
999 316 1080 348 Bino
1106 317 1192 350 socio
1218 317 1370 357 congesti,

319 363 416 404 Deus,
443 364 483 395 tis
508 364 541 395 in
565 367 699 396 matrem
724 363 815 405 vesti,
998 363 1073 403 Quis
1099 373 1186 396 mens
1212 363 1270 396 fisa
1295 365 1391 404 tardi,
1416 364 1512 406 flesti,

318 411 397 444 Ortu
421 420 472 442 me
495 413 571 443 tune
594 412 726 443 brumae
751 412 832 443 vesti
998 411 1076 443 Cum
1101 421 1120 444 a
1144 412 1217 443 Iesu
1242 414 1275 443 te
1300 411 1423 453 delesti,

235 458 290 490 25.
318 458 386 490 Nee
411 458 452 490 da
477 458 543 489 eius
564 461 600 490 ut
623 458 707 497 quod
731 459 845 490 maesti
996 458 1095 497 Quem
1120 458 1240 491 fricare
1264 468 1359 491 manu
1383 460 1493 501 suesti,

315 506 414 537 Artus
439 508 543 537 terrae
565 504 645 537 fiant,
668 505 758 538 aesti.
995 505 1092 537 Unde
1114 515 1177 538 non
1201 506 1320 538 iniuste
1345 506 1436 539 clesti

316 552 379 584 Per
403 555 435 583 te
460 552 539 584 caeli
559 561 647 584 mens
673 552 716 583 sit
740 550 814 584 festi
915 554 970 586 35.
998 553 1084 585 Vera
1106 556 1209 585 mater
1234 554 1336 585 omnis
1362 553 1447 589 festi.

316 599 418 631 Huius
443 602 516 638 post
539 599 676 631 schisma
702 598 823 639 foresti,

297 674 375 702 Orat.
406 682 458 701 ms.
484 674 596 702 Domus
626 674 730 702 Novae
755 674 844 702 Lucis
871 676 941 703 anni
968 673 1050 702 1477.
1098 676 1166 704 Cod.
1192 676 1380 705 Ultraiectin.
1407 676 1527 713 Seriptt.

221 710 263 737 Ec
270 711 299 738 ³1.
321 709 385 739 375.
404 726 443 731 -—
462 708 507 738 24.
522 711 595 739 Orti.
616 726 653 730 —
673 710 718 739 25.
731 712 790 739 dat.
803 727 842 732 -——
855 713 910 741 Am
925 712 1054 741 Schluss:
1075 713 1208 750 Explicit
1220 716 1332 750 rigmus
1346 715 1527 750 periodialis.

656 822 718 855 135.
746 823 789 854 De
809 823 907 856 beata
921 823 1023 855 Maria
1043 824 1079 855 V.

233 890 265 922 1.
291 890 395 934 Salve,
421 894 523 923 mater
547 893 681 935 illibata,
911 897 942 928 2.
968 895 1072 935 Super
1097 905 1204 928 omnes
1230 900 1262 929 te
1286 897 1396 935 adoro,

287 938 358 970 Ave
381 939 497 970 millies
524 943 644 981 optata,
970 944 1073 982 Super
1095 953 1203 976 omnes
1228 947 1261 975 te
1284 944 1422 985 imploro

289 985 415 1017 Summo
440 985 508 1018 Deo
534 987 726 1028 desponsata
970 989 1061 1022 Genu
1084 990 1217 1023 flectens
1241 994 1310 1023 tota
1332 995 1449 1033 mente,

338 1033 443 1073 Virgo,
469 1036 580 1075 mater,
605 1034 690 1078 filia3
1015 1037 1070 1069 Me
1095 1039 1232 1078 benigne
1256 1039 1392 1078 suscipe.

289 1079 393 1120 Salve,
420 1081 517 1121 salve,
544 1083 634 1123 virgo
659 1083 754 1125 clara,
968 1085 1048 1123 Ave,
1075 1089 1196 1126 sancta,
1224 1086 1406 1130 cherubina,

288 1127 361 1158 Iesu
386 1127 513 1160 Christo
538 1130 669 1161 multum
698 1139 781 1173 cara,
968 1131 1084 1164 Mundi
1109 1133 1262 1174 princeps
1288 1135 1321 1164 et
1344 1134 1466 1176 regina,

285 1173 387 1214 Super
412 1184 518 1207 omnes
543 1177 712 1209 sublimata
967 1179 1054 1218 Quae
1078 1178 1167 1212 fuisti
1191 1181 1260 1212 sola
1283 1180 1380 1221 digna

334 1221 372 1253 In
398 1223 526 1254 caelesti
551 1225 666 1264 patria.
1014 1227 1116 1259 Ferre
1140 1228 1238 1260 saecli
1263 1228 1411 1268 pretium.

568 1284 599 1316 3.
625 1282 674 1313 Tu
700 1291 732 1313 es
757 1282 846 1323 virgo
872 1285 946 1314 ante
970 1285 1096 1322 partum

625 1329 670 1361 Et
694 1329 725 1360 in
750 1332 845 1368 partu
871 1334 903 1361 et
926 1335 1001 1370 post
1023 1335 1161 1374 partum,

626 1376 760 1416 Semper
784 1380 882 1418 casta,
908 1386 1034 1417 semper
1058 1388 1149 1420 pura,

625 1423 759 1463 Semper
780 1424 850 1456 Deo
875 1425 1044 1465 placitura.

623 1471 709 1511 Ergo
733 1471 818 1514 audi,
846 1481 864 1504 ο
887 1472 1004 1514 Maria,

623 1519 743 1550 Aurem
766 1521 853 1551 tuam
878 1520 941 1551 hue
963 1520 1093 1563 inclina,

623 1566 742 1597 Natum
767 1568 855 1598 tuum
881 1567 1064 1607 deprecare,

623 1612 668 1645 Ut
694 1613 842 1653 dignetur
867 1614 959 1646 nobis
986 1615 1063 1647 dare

668 1660 818 1693 Paradisi
842 1662 970 1702 gaudia.

290 1730 371 1759 Offie.
391 1733 482 1760 BMV.
504 1733 574 1770 imp.
594 1735 626 1762 in
646 1735 749 1763 Castro
768 1735 866 1764 Lauro
891 1734 972 1765 1503.

632 1844 692 1876 136.
722 1844 838 1877 lubilus
857 1847 979 1879 Aureus
1001 1848 1088 1880 BMV.

225 1910 256 1944 1.
279 1911 383 1952 Salve,
414 1914 516 1944 mater
966 1919 1054 1958 Quae
1078 1921 1218 1961 virgines

328 1959 575 2002 misericordiae,
1011 1976 1120 2000 omnes
1146 1970 1391 2012 transgrederis,

280 2006 387 2038 Mater
411 2008 480 2048 spei
963 2014 1007 2046 Et
1030 2015 1127 2048 altius

330 2056 363 2085 et,
384 2058 487 2108 mater
509 2057 630 2096 veniae,
1010 2063 1103 2096 sedes
1128 2063 1161 2096 in
1187 2065 1323 2105 superis,

280 2100 388 2133 Mater
411 2102 474 2133 Del
588 2152 594 2158 ,
906 2120 938 2153 3.
962 2118 1067 2159 Salve,
1094 2125 1206 2153 sancta

331 2150 364 2179 <²1¹⁵
386 2151 488 2202 mfffel'
513 2154 645 2192 gramm,
1011 2171 1192 2201 sanctorum
1217 2170 1367 2213 omnium,

280 2195 397 2249 Matffl}
420 2205 558 2250 mquam,
962 2213 1048 2246 Laus
1074 2220 1106 2248 et
1130 2217 1241 2260 honor,

327 2245 423 2275 totius
447 2244 577 2283 g101'1ae-
1013 2262 1109 2295 decus
1133 2263 1288 2304 fidelium,

223 2301 255 2332 2.
282 2300 385 2343 Salve,
410 2300 496 2332 salus
961 2309 1048 2341 Aula
1071 2309 1144 2351 Dei,

326 2347 455 2380 humani
480 2350 615 2390 generis,
1012 2357 1123 2390 domus
1146 2360 1313 2401 palatium,

282 2396 384 2439 Salve,
412 2395 512 2436 virgo,
962 2403 1099 2437 Deitatis

331 2443 456 2484 dignior
480 2445 602 2487 ceteris,
1010 2451 1259 2487 reclinatorium.
