1651 2700
739 209 785 215 —
833 187 878 223 92
928 207 973 213 .-

656 283 700 314 63.
733 283 777 313 De
797 281 892 312 beata
912 280 1012 311 Maria
1032 280 1068 311 V.

225 348 255 380 1.
283 346 402 389 Gaude,
429 346 556 386 plaude,
584 346 670 377 clara
693 352 775 382 rosa,

280 394 359 426 Esto
384 397 504 425 maesto
530 401 604 424 cara
628 399 733 431 prosa,

283 440 450 480 Salutanti,
477 439 679 480 supplicanti,

282 489 329 521 Te
353 488 477 528 roganti
503 487 556 519 dic
578 485 714 518 amanti:

326 535 365 568 In
392 534 517 567 Christo
540 536 574 564 te
598 539 777 564 servavero.

285 582 397 615 Colens
419 582 528 614 volens
552 583 586 611 te
609 579 738 618 sentire,

283 630 372 669 Quod
386 630 429 661 sis
438 636 599 669 praesens,
614 626 667 658 fac
674 634 725 657 me
736 625 827 667 scire,

283 678 462 709 Intuentem
486 675 618 714 intuere,

285 724 394 757 Sinum
418 726 505 754 tuum
530 722 572 753 da
594 723 715 762 patere,

328 770 383 802 Me
406 772 506 801 totum
530 768 589 800 tibi
615 767 721 800 offero.

247 853 254 860 .
282 827 403 867 Gaude,
429 835 500 857 mea
519 825 672 866 speciosa,

282 874 341 907 Cui
366 874 483 905 clamo:
510 873 605 912 Rosa,
632 881 715 913 rosa,

281 922 422 955 Pulchra
445 921 539 952 nimis
566 923 596 952 et
618 919 766 963 formosa,

282 969 384 1010 Super
409 977 516 1000 omnes
541 977 695 1009 amorosa,

330 1017 380 1048 Tu
404 1017 472 1048 sola
497 1016 566 1048 sine
591 1024 748 1055 compare.

284 1063 405 1104 Gaude,
433 1073 504 1096 mea
527 1066 562 1095 tu
588 1063 731 1105 dulcedo,

284 1112 367 1143 Vere
394 1111 494 1143 dulcis
519 1112 592 1151 plus
617 1120 710 1151 quam
727 1109 830 1150 medo,

282 1160 331 1191 Tu
358 1168 412 1191 cor
435 1168 539 1190 meum
564 1159 731 1191 dulcorare

283 1207 328 1239 Et
351 1215 402 1239 me
428 1206 524 1239 debes
550 1206 698 1238 debriare

328 1254 525 1294 Voluptuoso
550 1257 687 1287 nectare.

244 1339 250 1345 .
278 1311 398 1351 Gaude,
426 1311 513 1343 cuius
538 1311 580 1343 ad
605 1313 767 1351 aspectum

279 1359 386 1391 Meum
411 1362 502 1400 patet,
524 1357 756 1399 imperfectum,

277 1407 349 1439 Hoc
373 1409 417 1448 tu,
443 1407 497 1446 pia
519 1409 631 1447 mater,
659 1406 757 1449 vides,

279 1455 379 1487 Vides
404 1454 531 1494 quidem
556 1463 616 1486 nec
641 1454 779 1494 derides,

327 1502 512 1534 Misericors
539 1502 743 1541 compatiens.

282 1550 335 1581 Ad
360 1558 411 1580 me
435 1550 523 1581 vultu
547 1549 622 1581 vide
644 1549 740 1589 laeto,

281 1597 359 1629 Cum
383 1599 416 1628 te
442 1597 580 1628 clamans
604 1597 755 1638 inquieto,

278 1643 330 1675 Da
355 1644 514 1684 despecto,
543 1644 584 1676 da
608 1644 761 1686 neglecto,

280 1691 369 1730 Quod
394 1690 515 1729 affecto,
543 1691 626 1731 quod
653 1694 802 1731 exspecto

328 1738 365 1770 In
391 1739 498 1770 multis
519 1736 726 1773 insufficiens,

248 1820 255 1827 .
283 1794 404 1836 Gaude,
430 1794 509 1827 felix
535 1798 567 1827 et
591 1796 716 1837 deeora,

284 1842 404 1881 Gaude,
433 1843 536 1883 gaude
560 1843 645 1875 omni
668 1844 757 1883 hora,

285 1890 380 1922 Cuius
408 1899 497 1922 amor
520 1894 606 1923 caret
629 1890 715 1934 felle,

279 1938 356 1970 Plus
383 1937 537 1970 dulcescit
560 1939 645 1971 omni
669 1940 773 1980 melle,

328 1985 395 2024 Quo
419 1986 499 2018 nihil
523 1987 606 2027 sapit
633 1987 766 2019 dulcius.

282 2031 402 2076 Gaude,
431 2034 517 2065 cuius
542 2035 647 2066 vultus
671 2035 765 2074 ridet,

279 2079 303 2112 Ο
330 2089 422 2119 quarn
446 2080 534 2122 felix,
561 2082 612 2121 qui
629 2082 713 2113 hunc
729 2083 828 2124 videt,

281 2127 376 2159 Hunc
399 2128 455 2168 qui
478 2128 575 2172 videt,
602 2130 787 2174 admiratur,

282 2173 417 2215 Gaudet,
449 2176 551 2216 ardet,
576 2156 790 2210 inflammatur

328 2224 447 2255 Amore
470 2223 517 2254 tui
541 2224 676 2258 saucius

247 2307 254 2314 .
281 2279 403 2323 Gaude,
429 2288 500 2311 mea
522 2280 703 2321 mediatrix,

281 2328 357 2360 Mea
381 2328 449 2361 sola
472 2328 675 2369 consolatrix,

279 2375 355 2408 Mea
378 2378 480 2408 mater
505 2378 537 2406 et
560 2376 706 2416 amatrix,

281 2423 348 2456 Mei
373 2423 473 2456 hostis
500 2423 718 2466 expugnatrix,

331 2471 355 2504 O
380 2470 469 2511 felix,
497 2479 587 2513 quem
612 2470 782 2506 inhabitas.

960 340 1073 373 Gaude
1096 347 1222 379 semper
1248 341 1279 370 et
1304 338 1439 378 exsulta,

957 390 1057 427 Auro,
1084 386 1214 427 gemmis
1239 386 1321 417 bene
1344 386 1439 426 culta,

956 435 1034 467 Mea
1056 442 1145 465 mens
1170 433 1211 465 ad
1236 436 1268 464 te
1293 433 1444 472 suspirat,

959 482 1017 521 Qui
1042 491 1104 513 non
1130 483 1216 513 amat
1238 483 1280 521 te,
1309 480 1435 520 delirat,

1007 530 1031 562 O
1058 538 1157 569 amor,
1184 537 1202 560 o
1228 528 1412 560 amoenitas.

901 588 933 619 6.
960 585 1072 618 Gaude
1096 586 1182 617 laeta
1204 586 1272 617 sine
1295 587 1391 625 meta,

958 633 1059 674 Mitis,
1086 633 1192 665 suavis
1218 635 1250 664 et
1274 632 1391 673 quieta,

956 681 1028 722 Eia,
1056 689 1131 713 cara
1153 683 1266 721 mater,
1292 680 1377 721 vide,

960 729 1043 761 Vide
1065 737 1117 759 me
1140 728 1173 759 in
1198 730 1254 759 tua
1276 726 1351 768 fide,

1005 776 1053 808 Te
1078 776 1263 816 diligentem
1289 776 1395 816 dilige.

960 823 1082 866 Gaude,
1109 823 1227 855 festum
1253 823 1359 855 cordis
1383 823 1456 864 mei,

960 872 984 904 O
1010 870 1127 904 festiva
1151 880 1269 912 sponsa
1292 871 1365 911 Dei,

959 920 1049 959 Quod
1077 920 1117 951 de
1143 919 1239 951 corde
1263 928 1332 950 meo
1357 922 1450 957 meat,

959 968 996 999 ln
1027 976 1080 999 cor
1104 970 1203 1008 tuum,
1229 965 1291 1006 fac,
1318 969 1354 998 ut
1378 969 1439 1007 eat,

1006 1014 1080 1046 Huc
1104 1023 1213 1046 aurem
1237 1017 1322 1046 tuam
1348 1016 1487 1055 porrige.

925 1099 932 1105 .
961 1072 1081 1116 Gaude,
1112 1073 1200 1104 cuius
1224 1075 1298 1112 post
1323 1072 1454 1104 odorem

960 1121 1023 1153 Cor
1047 1123 1193 1152 movetur
1217 1120 1259 1151 ad
1284 1128 1434 1163 amorem,

959 1169 1064 1201 Foves
1088 1168 1180 1208 illud,
1207 1176 1248 1199 ne
1273 1166 1434 1208 frigescat,

959 1216 1072 1248 Moves
1096 1215 1188 1255 illud,
1213 1224 1255 1246 ne
1278 1214 1444 1257 lentescat,

1006 1262 1139 1295 Dicens:
1163 1266 1269 1294 tamen
1285 1272 1349 1294 non
1363 1262 1511 1295 curritis?

962 1310 1083 1351 Gaude,
1112 1310 1199 1342 cuius
1224 1319 1287 1342 vox
1311 1313 1358 1342 est
1382 1311 1450 1352 illa,

959 1360 1046 1399 Quae
1071 1368 1128 1390 nos
1153 1358 1254 1390 lactat
1276 1360 1313 1390 ut
1334 1359 1494 1391 mamilla:

959 1407 1013 1439 Ad
1038 1415 1089 1438 me
1113 1415 1221 1438 omnes
1248 1415 1303 1439 vos
1329 1407 1474 1448 transite,

959 1454 1015 1486 Me
1039 1457 1173 1497 gustate,
1200 1463 1251 1486 me
1274 1455 1401 1495 sentite,

1007 1502 1083 1543 Vos,
1110 1502 1164 1542 qui
1187 1511 1238 1534 me
1264 1503 1498 1543 concupiscitis.

925 1586 932 1593 .
961 1559 1083 1599 Gaude,
1110 1569 1191 1600 quae
1215 1560 1257 1591 ad
1282 1563 1354 1592 tuos
1384 1561 1511 1604 clamas,

957 1608 1040 1647 Quos
1063 1610 1101 1638 ut
1122 1607 1178 1647 pia
1202 1611 1305 1640 mater
1329 1618 1436 1648 amas,

957 1655 1026 1695 Ego
1051 1658 1154 1687 mater
1179 1664 1248 1687 sum
1273 1656 1401 1697 amoris,

959 1702 1098 1743 Magnae
1120 1703 1189 1743 spei
1214 1707 1247 1735 et
1270 1703 1405 1746 timoris,

1007 1750 1052 1782 Et
1076 1751 1218 1783 caritatis
1246 1753 1420 1792 speculum.

961 1797 1082 1838 Gaude,
1109 1808 1191 1838 pura
1214 1802 1250 1831 tu
1274 1801 1392 1842 puella,

958 1844 1163 1879 Dominantis
1189 1847 1367 1887 domicella,

960 1893 1056 1926 Cuius
1080 1897 1148 1926 tuto
1171 1895 1230 1927 sub
1255 1897 1408 1929 mantello

958 1941 1075 1973 Nullus
1099 1942 1195 1975 timor
1220 1947 1270 1975 est
1294 1945 1429 1986 misello,

1005 1990 1069 2022 Sed
1094 1990 1207 2023 timido
1229 1992 1408 2026 latibulum.

927 2073 934 2080 .
963 2046 1084 2088 Gaude,
1103 2051 1216 2093 mater,
1232 2059 1326 2090 quam
1340 2051 1394 2091 qui
1409 2052 1511 2093 audit,

958 2095 1078 2127 Contra
1100 2104 1227 2128 carnem
1253 2107 1362 2130 aurem
1381 2099 1510 2144 claudit,

958 2143 1057 2182 Quam
1082 2144 1194 2175 audire
1217 2145 1299 2177 nulli
1322 2156 1430 2188 grave,

957 2190 1055 2229 Quam
1082 2192 1201 2223 sentire
1225 2202 1243 2224 ο
1269 2202 1363 2233 quam
1387 2205 1495 2238 suave,

1004 2238 1054 2270 Tu
1078 2239 1223 2270 omnibus
1250 2249 1283 2272 es
1308 2243 1423 2277 omnia.

959 2284 1082 2325 Gaude,
1098 2284 1191 2327 festa,
1205 2296 1363 2329 nunquam
1378 2296 1512 2335 maesta,

958 2332 1008 2364 Tu
1031 2333 1175 2374 honesta,
1201 2336 1235 2366 tu
1260 2338 1415 2382 modesta,

958 2379 1079 2419 Gaude,
1107 2381 1220 2423 gaude,
1247 2383 1330 2418 bona
1352 2391 1466 2431 mater,

960 2426 1037 2459 Cum
1067 2437 1130 2468 qua
1153 2431 1270 2469 gaudet
1294 2432 1382 2466 Deus
1407 2440 1512 2483 pater,

1006 2475 1044 2508 In
1068 2476 1156 2508 cuius
1179 2479 1299 2517 gaudes
1325 2484 1422 2517 curia.
