1651 2700
667 128 926 164 -129—

149 224 205 256 26.
233 222 352 265 Maria,
378 226 473 263 porta
497 226 633 267 patriae,

143 653 198 685 27.

143 1080 199 1112 28.

138 1556 193 1588 29.

134 2036 190 2069 30.

278 279 372 311 quam
381 280 444 304 non
454 273 564 305 turbat
572 274 762 316 adversitas,

229 316 298 350 Fac
323 319 370 351 ita
395 328 452 351 nos
477 320 619 353 iustitiae

278 366 506 399 Perambulare
531 369 669 413 semitas,

228 413 276 446 Ut
299 414 378 445 illuc
402 414 445 446 sit
470 415 587 448 cotidie

277 461 372 494 Nova
394 462 487 494 nobis
510 464 702 506 iucunditas,

227 509 297 549 Quo
321 510 498 549 praemium
527 511 583 543 das
606 513 737 552 gloriae,

275 557 333 588 Tu
357 557 587 591 trinitatis
606 560 759 591 unitas¹

225 651 342 692 Maria,
369 661 451 692 quae
473 653 617 685 tot-aliter

275 699 321 731 Es
348 699 435 732 dicta
458 701 556 740 plena
579 702 684 742 gratia

225 746 334 787 Atque
351 747 601 788 particulariter,

274 794 341 827 Nos
366 797 420 826 tuo
447 796 537 827 vultu
562 796 654 837 satia,

226 841 296 881 Quo
319 841 530 881 perfruuntur
552 843 671 883 iugiter

275 889 314 921 In
339 898 462 922 summa
485 890 570 930 regis
597 892 694 932 curia,

225 936 364 975 Quorum
391 939 439 968 est
462 938 668 970 aeternaliter

271 985 466 1017 Aeterna
494 985 594 1017 caeli
619 986 757 1027 gloria.

222 1078 339 1120 Marla,
366 1079 614 1112 memorantibus

272 1126 361 1158 Tuae
385 1127 639 1167 magnificentiae

224 1174 330 1205 Pulsis
358 1175 471 1214 procul
499 1175 662 1208 doloribus

273 1222 363 1255 Inest
389 1230 484 1254 causa
508 1223 658 1267 laetitiae,

222 1268 298 1301 Una
324 1278 395 1301 cum
420 1270 632 1309 participibus

269 1316 352 1356 Quos
376 1325 482 1349 secum
507 1327 584 1350 suae
608 1319 730 1359 gloriae

223 1364 312 1397 Caeli
343 1364 513 1406 coniungat
537 1366 658 1398 civibus

270 1412 457 1444 Summae
502 1413 614 1446 Deus
664 1414 752 1446 cle-

526 1470 557 1493 m
566 1469 583 1492 e
592 1470 614 1492 n
622 1462 653 1493 ti
663 1471 683 1493 a
693 1469 720 1495 e.

221 1554 336 1599 Maria,
366 1554 439 1586 luce
464 1555 581 1588 clarius

266 1603 410 1643 Relucet‚
438 1604 523 1643 quod
550 1603 711 1636 diabolum

219 1650 305 1683 Tuus
332 1650 451 1683 devicit
474 1650 559 1683 filius

266 1698 359 1731 Mille
367 1699 558 1732 maeandros
569 1698 751 1741 subdolum,

219 1746 324 1786 Ipsius
351 1746 458 1780 dolum
483 1747 607 1787 longius

268 1794 347 1826 Tam
373 1794 406 1826 in
431 1797 527 1827 nocte
550 1795 741 1827 malevolum

216 1842 308 1883 Fuga
333 1851 427 1883 quam
451 1845 483 1874 et
505 1842 655 1885 lucidius,

265 1891 435 1923 Aurora
471 1891 550 1923 iam
586 1890 755 1932 spargit

521 1949 542 1980 p
553 1947 570 1970 o
580 1939 592 1969 l
601 1948 621 1970 u
630 1948 674 1973 m.

216 2034 334 2074 Maria,
360 2037 393 2066 te
416 2043 480 2066 non
507 2033 665 2066 credimus

265 2083 394 2121 Latere,
422 2082 497 2122 quia
521 2082 641 2121 septies

218 2131 334 2163 Omnes
359 2131 393 2162 in
420 2130 472 2162 die
499 2129 643 2162 cadimus

264 2178 551 2219 Delinquimusque
574 2178 706 2221 pluries,

216 2226 281 2259 Sed
307 2227 411 2267 placa,
439 2235 532 2267 quem
550 2225 750 2265 offendimus,

262 2275 339 2308 Plus
365 2273 538 2307 benedicta
563 2274 677 2315 milies,

212 2322 317 2364 Hunc,
344 2323 483 2367 inquam,
513 2322 564 2355 cui
589 2323 748 2355 canimus:

262 2371 455 2411 Christe,
495 2370 565 2412 qui
598 2371 672 2404 lux
709 2379 750 2402 es

519 2421 558 2452 et
584 2419 688 2455 dies.

170 2481 297 2507 Dreves,
316 2480 360 2504 Pia
376 2478 521 2503 Dictamina.
552 2479 580 2502 V.

834 225 888 260 31.
912 226 1028 267 Maria,
1055 226 1090 256 tu
1115 233 1196 265 quae
1220 225 1352 265 spiritus

963 273 1142 305 Praeventa
1171 273 1253 304 dono
1280 272 1398 305 caelico

915 320 1022 353 Mater
1046 328 1079 351 es
1105 318 1193 352 facta
1217 320 1350 352 caelitus

963 367 1069 400 Verbo
1093 366 1204 400 favens
1228 368 1382 408 angelico,

915 416 1005 455 Quod
1031 415 1117 447 Deus
1144 424 1183 448 ex
1207 417 1239 446 te
1265 416 1389 455 genitus

960 463 1097 503 Eloquio
1122 462 1310 503 prophetico

913 511 1015 543 Foret
1040 510 1189 542 dixerunt
1210 510 1359 549 primitus

962 558 1018 590 Ex
1034 566 1136 589 more
1154 558 1258 590 docti
1270 557 1444 598 mystico.

834 625 889 659 32.
915 624 1030 667 Maria,
1057 626 1179 657 tantum
1205 622 1306 656 facias

961 672 1176 704 Laudantium
1200 674 1235 703 te
1258 672 1372 710 coetui,

912 719 1059 758 Ipsorum
1081 721 1118 750 ut
1140 719 1262 752 adicias

958 766 1130 798 Laetitiam
1154 767 1289 807 auditui,

912 814 979 853 Quo
1004 822 1063 854 per
1087 816 1158 846 tuas
1182 814 1340 855 propitias

961 862 1076 894 Preces
1101 862 1201 901 ipsius
1228 862 1330 894 vultui

912 909 1065 941 Astantes
1091 909 1160 941 Deo
1185 909 1304 950 gratias

959 956 1139 988 Dicamus
1151 965 1281 988 omnes
1297 957 1441 989 cernui.

830 1022 886 1055 33.
911 1022 1028 1061 Maria,
1055 1030 1130 1054 vere
1156 1022 1272 1054 diceris

957 1069 1002 1101 Et
1027 1077 1060 1100 es
1085 1078 1141 1108 pes
1166 1069 1394 1110 indulgentiae,

911 1116 960 1148 Tu
984 1116 1076 1149 nobis
1101 1119 1203 1148 nostri
1228 1117 1357 1149 sceleris

957 1164 1103 1205 Implora
1129 1173 1242 1196 munus
1268 1165 1391 1204 veniae,

910 1212 999 1251 Quod
1027 1211 1105 1243 dare
1129 1221 1170 1243 ne
1194 1212 1384 1251 tardaveris,

956 1259 1090 1291 Dicator
1115 1260 1327 1292 abstinentiae

907 1306 1082 1347 Honorque
1105 1307 1207 1339 nostri
1232 1307 1369 1348 generis,

953 1355 1056 1395 Iesu,
1087 1354 1439 1394 quadragenariae.

824 1423 879 1455 34.
905 1420 1022 1461 Maria,
1050 1421 1137 1452 cuius
1162 1425 1288 1453 uterum

954 1468 1026 1500 Non
1050 1467 1213 1500 horruisse
1239 1468 1356 1499 dicitur

905 1515 1027 1556 Lunae,
1054 1515 1131 1547 solis
1157 1518 1190 1547 et
1213 1515 1354 1547 siderum

954 1564 987 1596 Is
999 1570 1060 1604 per
1071 1571 1164 1603 quem
1178 1572 1288 1595 cursus
1302 1562 1434 1603 regitur,

906 1611 991 1643 Oriri
1017 1610 1070 1642 fac
1093 1610 1271 1654 luciferum,

954 1659 1107 1691 Occasum
1133 1659 1188 1699 qui
1208 1667 1272 1690 non
1289 1659 1421 1699 patitur,

906 1706 1004 1738 Horis
1029 1714 1097 1737 cum
1123 1706 1179 1739 lux
1204 1707 1246 1739 ad
1271 1715 1440 1747 vesperum

954 1755 1038 1787 Iam
1095 1757 1162 1786 ter
1212 1754 1442 1794 quaternis

1186 1805 1201 1834 t
1209 1811 1226 1833 r
1235 1811 1254 1834 a
1263 1801 1305 1834 hi
1314 1804 1329 1834 t
1336 1812 1357 1834 u
1365 1811 1392 1834 1.

824 1871 878 1904 35.
905 1869 1022 1912 Maria,
1048 1877 1130 1908 quae
1153 1867 1337 1909 praeficeris

953 1916 1059 1957 Supra
1087 1921 1269 1950 sanctorum
1296 1925 1439 1957 cuneum,

904 1964 1087 1997 Adversum
1111 1974 1180 2007 nos,
1206 1967 1242 1995 tu
1266 1964 1405 2005 noveris,

954 2012 1045 2052 Quod
1056 2012 1159 2045 hostis
1171 2015 1267 2053 parat
1277 2013 1436 2056 laqueum,

906 2060 970 2093 Sed
997 2060 1092 2093 cadat
1115 2064 1226 2093 auctor
1251 2062 1383 2093 sceleris

952 2110 990 2142 In
1016 2117 1110 2150 quem
1136 2108 1246 2142 effodit
1270 2113 1411 2149 puteum,

904 2156 987 2189 Nam
1011 2156 1185 2190 miserendi
1210 2157 1350 2199 miseris,

952 2205 1441 2246 Ecce,tempusidoneum.

822 2275 877 2307 36.
899 2272 1016 2316 Maria,
1044 2272 1230 2305 mulieribus

951 2320 1071 2362 Dispar
1095 2321 1129 2352 in
1154 2322 1250 2361 partu
1274 2318 1343 2360 filii,

903 2368 1006 2402 Nobis
1031 2367 1285 2401 inhabitantibus

952 2418 1077 2450 Vallem
1102 2417 1195 2448 huius
1221 2415 1325 2447 exsilii

1250 2469 1266 2499 9
