1651 2700
657 121 890 160 „97-

115 213 142 247 2,
167 212 183 242 1
204 213 315 247 Gaude,
336 215 410 244 mire
428 217 458 251 1¹,
478 216 590 250 Gaude,
610 219 706 247 Maria
726 221 860 258 speciosa
879 221 913 249 O.
936 237 971 241 —
990 220 1018 256 2,
1040 220 1058 249 2
1079 221 1173 250 clamo
1187 222 1295 250 rubens
1309 232 1378 252 rosa
1390 225 1420 257 1;

115 253 283 289 glomerosa
309 262 378 283 rosa
403 255 438 282 G.
459 271 496 274 —
516 253 542 289 2,
563 254 581 284 3
602 259 631 285 et
650 260 785 294 speciosa
805 260 840 287 D.
862 276 899 280 —
920 258 944 293 2,
966 259 983 288 5
1003 262 1048 289 Tu
1068 260 1141 288 fehlt
1160 262 1183 289 I.
1205 274 1241 278 —
1263 259 1288 294 2,
1311 261 1327 289 7
1348 262 1421 290 Dul-

115 293 158 320 cis
178 301 248 320 vere
268 291 312 326 H3
332 293 410 321 Vere
430 294 526 322 cordis
546 294 640 323 dulcis
661 298 744 325 merlo
766 298 798 327 G.
820 312 857 317 —
877 296 903 330 2,
925 298 943 326 8
963 300 1008 327 Tu
1029 299 1150 335 dignare
1170 299 1321 327 dulcorare
1337 300 1370 329 G.
1386 315 1422 320 —-

115 329 141 364 2,
163 329 180 358 9
200 331 288 359 Nunc
307 331 396 360 debes
417 334 447 360 et
465 332 600 361 debriare
621 334 658 369 Ο,
679 336 720 363 Et
738 345 784 364 me
804 336 891 364 debes
912 338 1045 365 debriare
1060 337 1130 372 DK;
1150 337 1191 365 Et
1209 346 1257 365 me
1275 338 1350 365 velis
1373 339 1420 366 de-

115 369 214 396 briare
239 368 269 404 1;
296 369 394 397 Meum
421 379 471 398 cor
497 372 649 400 deebriare
674 373 707 401 G.
734 390 771 394 —
801 373 834 408 2,
864 373 897 402 10
915 376 1084 412 Voluptatis
1110 378 1228 403 nectare
1251 377 1274 403 Ι.
1296 390 1333 394 -
1353 374 1380 411 3,
1406 376 1420 405 1

115 409 303 444 conspectum
324 407 410 436 CGK.
430 424 469 428 —
490 408 516 443 3,
537 407 555 437 3
577 411 660 444 Quod
682 414 714 439 tu
733 414 785 449 pia
802 413 845 447 D;
870 414 946 447 Quid
967 416 998 441 tu
1017 415 1069 450 pia
1089 413 1148 441 CK.
1169 430 1206 433 —
1226 411 1252 447 3,
1274 412 1291 441 5
1311 414 1420 442 Misero

115 447 296 482 compatiens
321 447 358 474 K.
383 461 421 466 —
446 444 477 481 3,
506 447 522 476 6
547 448 615 476 vide
638 450 723 478 vultu
744 451 846 479 CDGI.
866 467 905 470 —
924 450 957 485 3,
986 451 1003 479 7
1025 453 1066 481 Ut
1082 452 1137 479 sim
1158 452 1244 480 corde
1264 452 1302 479 da
1321 453 1420 489 quieto

115 484 155 512 H.
174 499 211 503 —
232 482 261 517 3,
283 483 302 511 8
322 484 407 518 Vide,
427 486 508 514 bona
527 489 628 520 mater,
647 488 717 516 vide
737 491 772 517 D.
793 503 829 508 —
850 487 877 523 3,
897 488 914 517 9
936 491 1021 524 Quod
1040 492 1186 525 exspecto,
1207 490 1286 526 quod
1305 490 1418 523 affecto,

114 523 157 556 Κ,
177 523 220 550 Et
238 531 285 550 me
305 522 430 551 dulciter
449 524 547 552 arride
565 525 602 552 D.
623 541 660 545 --
680 524 706 561 3,
730 526 765 555 10
784 528 909 555 Tristem
930 529 1038 556 laetum
1058 529 1169 557 faciens
1183 529 1219 556 D.
1239 542 1278 547 —
1296 527 1323 562 4,
1347 527 1420 557 1—5

115 561 174 588 und
202 560 234 589 6-
253 559 296 588 ⁷10
323 563 493 598 umgestellt
510 563 570 591 und
589 572 643 591 vor
662 564 720 592 Str.
741 563 759 593 3
779 568 889 603 gesetzt
909 567 945 594 D.
967 581 1003 586 -
1023 566 1049 600 4,
1072 564 1089 594 3
1111 565 1199 594 Cuius
1220 575 1302 594 amor
1323 569 1368 596 est
1386 570 1420 595 ut

115 599 173 627 mel
202 599 319 628 CGHK.
345 614 382 618 —
405 598 436 635 4,
465 599 485 629 4
504 601 594 630 Cuius
620 610 708 638 sapor
734 604 829 632 nescit
846 604 885 632 fel
907 605 1023 633 cGHK.
1043 619 1081 624 ——
1100 603 1128 637 4,
1144 603 1161 632 5
1183 605 1249 638 Qua
1266 605 1309 632 nil
1330 604 1419 637 CGK;

115 638 218 674 Sapor,
240 646 297 674 quo
319 639 361 666 nil
382 640 415 667 G.
437 656 474 660 —
494 638 521 674 4,
542 639 559 666 7
580 641 631 676 qui
651 641 707 669 hoc
725 643 808 670 videt
821 642 885 678 CD3
906 642 963 671 hoc
982 645 1033 680 qui
1052 643 1133 671 videt
1144 643 1204 678 IK3
1225 643 1296 671 felix
1310 645 1356 672 est
1369 644 1419 679 qui

113 676 196 704 videt
219 678 254 706 G.
279 691 318 695 —-
344 675 371 710 4,
397 677 415 706 8
440 678 508 706 Hoc
554 680 584 706 ui
608 679 689 706 videt
708 680 790 713 CD1;
820 681 911 714 Quem
932 683 983 718 qui
1001 682 1083 709 videt
1102 681 1139 715 G;
1162 682 1250 708 Hunc
1270 683 1321 717 qui
1340 682 1422 710 videt

113 714 187 742 fehlt
206 716 235 743 H
244 723 251 751 3
274 716 421 743 animatur
436 716 466 744 G.
487 686 564 750 —(4,
580 715 596 743 9
611 717 733 751 Gaudet,
749 719 826 746 ridet
837 719 907 753 DG;
921 719 1019 753 Ardet,
1035 721 1115 747 amat
1129 719 1158 747 O.
1173 733 1210 737 —
1224 718 1249 752 4,
1264 718 1299 747 10
1312 720 1419 749 Amore

113 755 163 780 tuo
194 753 325 781 GDGIK.
353 768 390 772 —
417 753 450 785 5,
476 752 494 782 3
520 754 594 782 fehlt
612 756 649 783 K.
727 755 760 789 5,
788 754 808 784 4
827 756 931 785 Hostis
955 759 1013 785 mei
1033 759 1227 793 expugnatrix
1241 759 1257 786 1
1276 767 1305 785 u.
1325 768 1351 788 z.
1369 767 1422 786 vor

114 789 141 824 5,
162 789 189 818 2.
210 806 247 810 —
268 790 294 824 5,
315 790 333 819 5
354 792 379 820 O
397 792 471 820 fehlt
488 792 558 827 DG;
587 793 611 821 Ο
631 793 717 826 felix,
750 803 813 822 cum
836 803 893 829 quo
914 795 1032 824 habitas
1054 796 1091 830 (ἃς
1113 796 1222 823 Sancta
1240 797 1298 824 Dei
1318 797 1422 824 civitas

115 829 145 856 C.
174 845 213 850 —
237 828 269 863 5,
297 828 314 856 7
343 831 416 858 bene
440 831 515 858 fehlt
539 830 580 864 D;
607 831 682 859 fulta
711 832 775 861 DG.
797 847 833 850 —
854 831 880 864 5,
903 832 938 861 10
959 834 983 861 Ο
1005 843 1086 862 amor
1106 837 1135 861 et
1154 836 1314 862 amoenitas
1333 835 1376 864 K:
1399 835 1422 863 O

113 870 221 901 mater,
244 876 260 896 ο
287 870 450 896 amoenitas
478 869 518 903 A;
545 869 569 897 O
596 878 661 897 mea
687 871 848 899 amoenitas
873 872 937 899 DG.
958 887 994 891 ὴ
1017 871 1041 904 6,
1063 869 1081 900 3
1102 871 1176 899 Cara
1195 875 1304 906 mater,
1326 875 1358 900 tu
1377 882 1422 901 me

111 906 180 933 vide
205 905 269 934 DG.
292 920 331 925 —-
358 905 388 939 6,
415 906 432 933 7
460 908 484 935 Ο
508 907 659 935 sollemnis
684 917 794 944 sponsa
813 909 882 943 DK;
907 913 998 937 mater
1016 910 1074 938 Dei
1093 911 1118 937 Ι.
1138 923 1175 928 -
1194 909 1220 945 6,
1241 908 1259 938 8
1280 910 1364 945 Quod
1385 911 1421 939 ab

113 952 164 972 ore
184 953 248 972 meo
271 944 418 973 CDGHK.
437 960 476 964 —
496 945 522 978 7,
544 943 561 971 2
581 946 611 972 in
633 954 761 974 amorem
777 947 809 976 C.
830 961 865 965 —
887 946 912 981 6,
934 946 952 976 3
971 949 1087 976 Fovens
1101 948 1171 983 GH3
1193 949 1286 976 Foves
1308 949 1363 978 tibi
1384 958 1421 977 ne

112 983 147 1010 D.
179 997 216 1001 —
248 981 275 1016 7,
301 981 321 1010 4
346 984 471 1012 Movens
496 984 562 1012 GH.
586 998 626 1002 —
650 983 676 1017 7,
697 983 715 1013 5
742 986 867 1013 Dicens:
895 995 946 1013 cur
970 995 1029 1014 non
1049 987 1165 1014 curritis
1187 986 1350 1021 CDGHLK3
1374 987 1420 1015 bei

112 1021 208 1049 dieser
228 1022 336 1050 Lesart
360 1022 434 1049 fehlt
458 1024 523 1050 eine
543 1022 626 1050 Silbe
646 1032 694 1050 am
713 1024 813 1052 Verse.
835 1038 871 1042 -—
892 1023 918 1057 7,
939 1024 956 1051 7
977 1025 1067 1052 lactet
1086 1022 1148 1051 GK.
1169 1039 1201 1043 —
1227 1023 1252 1057 7,
1273 1022 1292 1052 8
1312 1025 1419 1053 Omnes

111 1069 166 1087 vos
191 1060 229 1087 ad
255 1069 302 1087 me
323 1059 409 1088 CGK.
430 1077 432 1080 -
450 1077 466 1080 -
489 1060 515 1094 7,
538 1057 572 1088 10
594 1061 655 1089 Vos
683 1061 757 1090 fehlt
776 1061 864 1090 AOD.
882 1077 920 1081 —
939 1061 966 1096 8,
990 1061 1004 1090 1
1026 1062 1127 1091 Gaude
1147 1064 1188 1095 tu,
1212 1062 1249 1089 ad
1271 1072 1326 1090 nos
1347 1071 1422 1098 quae

111 1099 145 1127 G.
178 1113 216 1117 —
247 1096 279 1131 8,
309 1097 329 1126 4
354 1098 424 1134 Spei
450 1106 574 1135 magnae
599 1101 629 1126 et
655 1100 742 1128 CGK.
773 1114 809 1119 —-
836 1098 862 1134 8,
884 1098 903 1128 5
921 1101 961 1128 Et
981 1101 1055 1129 fehlt
1073 1100 1211 1129 ACDFG.
1233 1115 1268 1119 —
1290 1099 1316 1135 8,
1340 1099 1357 1128 9
1378 1103 1423 1128 est

112 1138 242 1165 nasallo!
270 1137 307 1164 D.
335 1151 372 1156 —
398 1135 424 1171 8,
455 1136 489 1165 10
515 1135 573 1164 Sed
598 1137 672 1165 fehlt
695 1138 729 1166 A.
756 1154 793 1158 —
821 1137 847 1170 9,
873 1136 891 1166 3
912 1140 1006 1173 Quam
1030 1138 1132 1167 audire
1152 1141 1197 1166 est
1216 1147 1306 1167 suave
1324 1140 1360 1167 A.
1384 1153 1421 1157 —

111 1174 137 1210 9,
153 1173 173 1203 4
194 1185 210 1203 o
225 1175 299 1204 fehlt
318 1175 461 1210 DGHIK;
484 1178 544 1203 tam
564 1184 655 1204 suave
670 1177 742 1212 (ΞΗ-1,
763 1177 909 1206 Oboedire
928 1186 987 1205 non
1008 1180 1052 1205 est
1071 1185 1161 1213 grave
1179 1177 1213 1205 A.
1292 1176 1318 1211 9,
1339 1175 1356 1205 5
1375 1178 1421 1205 Tu

110 1213 184 1242 fehlt
209 1214 244 1241 A.
272 1227 308 1232 —-
336 1212 362 1246 9,
384 1213 401 1242 6
421 1214 497 1242 festa
519 1213 583 1250 plus
603 1223 690 1250 quam
711 1217 824 1243 maesta
842 1215 878 1243 K.
900 1231 938 1234 —
958 1214 984 1249 9,
1005 1214 1023 1244 8
1043 1215 1154 1250 Gaude,
1173 1216 1267 1252 virgo,
1289 1216 1367 1243 bona
1385 1215 1420 1243 A.

109 1268 147 1272 —
168 1250 194 1286 9,
216 1250 234 1280 9
253 1252 288 1279 In
316 1260 376 1289 qua
401 1253 511 1288 gaudet
532 1251 620 1280 CDK.
642 1267 679 1271 —
702 1251 745 1287 10,
768 1252 782 1281 1
804 1253 914 1287 Gaude,
935 1254 1030 1289 gaude
1048 1255 1085 1282 D.
1117 1268 1144 1272 —
1165 1251 1208 1286 10,
1229 1252 1247 1281 5
1267 1254 1324 1282 Dei
1343 1253 1420 1281 filius

109 1291 155 1325 H3
183 1293 250 1319 tuos
275 1290 401 1318 famulos
427 1290 461 1319 G.
488 1304 528 1310 -
548 1288 592 1323 10,
614 1289 632 1318 8
652 1294 730 1319 errat
753 1292 785 1319 C.
805 1305 845 1309 --
866 1290 910 1327 10,
931 1291 947 1320 9
968 1293 1042 1320 fehlt
1059 1292 1102 1326 Κ,
1124 1300 1160 1319 ac
1180 1293 1306 1320 scienter
1326 1292 1361 1320 A.
1381 1306 1419 1311 —

113 1327 156 1362 11,
178 1327 196 1356 2
225 1337 313 1365 quam
341 1329 469 1356 libenter
493 1328 546 1357 DI.
570 1343 609 1347 —-
637 1327 689 1363 11,
714 1328 732 1358 3
759 1329 819 1358 und
845 1328 865 1357 4
890 1331 1059 1366 umgestellt
1078 1330 1208 1358 ODGLK.
1229 1346 1255 1350 —
1289 1329 1332 1366 11,
1354 1328 1372 1358 3
1394 1333 1420 1358 te

109 1367 277 1403 frequenter
297 1367 445 1395 CDGHK.
467 1383 499 1387 —
526 1364 575 1400 11,
598 1365 618 1394 4
636 1368 817 1396 Venerantes
837 1372 1003 1396 reverentes
1023 1370 1061 1397 H.
1083 1382 1120 1386 —
1142 1366 1186 1402 11,
1208 1367 1225 1396 6
1248 1377 1318 1404 prae
1342 1377 1419 1396 mae-

109 1414 177 1433 rore
201 1405 236 1433 A.
265 1420 302 1424 ——
331 1404 375 1440 11,
398 1404 415 1432 7
441 1407 473 1433 in
500 1407 593 1433 morte
618 1407 663 1433 tui
689 1406 799 1434 Christi
825 1407 914 1434 CDK.
934 1422 973 1426 -—
995 1405 1037 1441 11,
1059 1405 1077 1435 8
1098 1407 1181 1434 Dura
1200 1407 1254 1434 illa
1272 1408 1304 1434 in
1324 1407 1359 1436 G.
1380 1422 1418 1425 —

112 1442 155 1479 11,
177 1442 194 1471 9
221 1443 438 1478 Clavorumque
463 1446 496 1472 in
521 1443 555 1471 G.
594 1458 622 1462 -
648 1442 691 1479 11,
715 1442 750 1473 10
775 1444 920 1472 altissima
946 1446 981 1471 Α.
1001 1460 1041 1464 ——
1062 1442 1105 1477 12,
1126 1442 1144 1473 3
1166 1444 1277 1479 Carbo,
1297 1446 1419 1481 lampas,

108 1483 157 1509 fax
183 1482 330 1511 CDGHK.
357 1492 410 1506 -ο
422 1480 465 1518 12,
486 1481 505 1510 4
530 1483 656 1518 insignis
684 1485 713 1510 et
735 1483 849 1520 pusilla
874 1483 903 1511 C.
932 1498 967 1502 —
996 1482 1039 1516 12,
1061 1481 1078 1510 7
1100 1483 1197 1510 Fortis
1218 1484 1313 1511 estin
1334 1484 1417 1512 corde

109 1519 143 1547 G.
169 1535 207 1539 -
239 1518 283 1554 12,
306 1519 342 1548 10
368 1521 452 1549 ardet
476 1522 500 1549 Ι.
527 1535 566 1539 ——
588 1518 632 1555 13,
656 1519 671 1548 1
693 1529 827 1549 amoroso
847 1521 882 1549 A.
902 1536 941 1540 —
963 1520 1005 1556 13,
1028 1520 1045 1549 2
1067 1521 1263 1549 Consolamen
1282 1522 1416 1550 luctuoso

106 1559 147 1594 A.;
170 1559 367 1587 Consolamen
392 1560 544 1587 fructuosa
564 1559 601 1594 C,
630 1559 824 1588 Consolamen
849 1560 985 1588 luctuosa
1011 1561 1035 1588 I.
1056 1575 1094 1580 -—
1116 1557 1159 1592 13,
1180 1557 1198 1588 3
1218 1560 1305 1596 Sapit
1323 1560 1358 1590 G.
1378 1575 1417 1580 —-

109 1595 154 1631 13,
176 1595 193 1625 5
213 1599 259 1625 Tu
280 1598 377 1625 cordis
398 1599 456 1625 mei
474 1597 616 1634 gaudium
637 1598 670 1626 G.
691 1613 719 1617 -ν
751 1597 795 1633 13,
818 1597 835 1625 7
855 1598 1058 1633 Laetabunda,
1079 1598 1243 1626 rubicunda
1261 1599 1306 1634 H;
1327 1600 1419 1627 Reve-

108 1636 206 1672 renda,
228 1636 393 1664 rubicunda
412 1636 445 1664 G.
467 1651 504 1655 —
526 1633 570 1670 13,
593 1634 610 1664 9
631 1639 720 1672 atque
738 1637 815 1665 ridet
827 1637 861 1664 A.
882 1652 921 1655 —
943 1635 985 1671 13,
1003 1636 1037 1665 10
1059 1636 1155 1665 Corda
1172 1638 1268 1664 vincis
1289 1638 1419 1665 omnium

106 1675 140 1708 A3
164 1675 241 1702 Nam
261 1674 351 1702 corda
369 1675 466 1703 vincis
486 1675 524 1702 H.
547 1689 585 1693 —
608 1673 651 1708 14,
673 1673 690 1702 2
710 1676 756 1703 De
776 1678 805 1704 te
824 1675 954 1712 gaudent
973 1677 1024 1712 qui
1045 1677 1080 1704 D.
1104 1689 1140 1693 —
1164 1673 1206 1709 14,
1227 1673 1246 1703 4
1262 1676 1417 1712 Amplexa-

107 1715 154 1740 tur
179 1713 251 1747 GH;
277 1721 337 1740 non
362 1716 486 1741 vexatur
507 1712 564 1742 OG.
590 1728 629 1732 —
655 1711 698 1748 14,
720 1712 737 1741 5
763 1715 869 1742 Totum
895 1715 927 1741 in
956 1717 985 1742 te
1005 1715 1120 1750 eapitur
1141 1713 1179 1749 Ag
1208 1714 1265 1742 Sed
1288 1717 1366 1742 totus
1387 1715 1419 1742 in

107 1753 136 1778 te
156 1751 199 1787 D;
226 1750 267 1779 Et
292 1753 384 1778 totum
410 1753 442 1779 in
470 1754 499 1780 te
521 1750 638 1780 CGHK.
659 1767 697 1771 —
719 1750 762 1786 14,
784 1752 801 1781 9
822 1752 868 1779 Tu
888 1761 974 1789 quern
995 1761 1076 1781 amas
1099 1751 1189 1780 CHK.
1208 1767 1246 1771 --
1269 1751 1313 1787 14,
1336 1751 1371 1781 10
1392 1752 1416 1780 O

106 1789 186 1823 felix,
218 1790 270 1826 qui
298 1792 328 1817 te
351 1789 397 1824 H;
427 1791 550 1823 Beatus,
577 1791 628 1826 qui
653 1792 683 1818 te
709 1790 774 1826 CK,
802 1791 927 1824 Laetus,
950 1792 1001 1827 qui
1020 1794 1050 1819 te
1069 1791 1105 1819 D.
1126 1805 1165 1809 --
1186 1789 1229 1824 15,
1253 1789 1271 1819 3
1293 1791 1377 1826 Quod
1398 1800 1417 1818 a

106 1830 188 1855 motu
217 1829 270 1855 vix
288 1827 387 1855 fehlen
405 1829 450 1864 H;
473 1829 654 1864 conquiescit
672 1829 711 1856 Η.
730 1844 770 1848 -
791 1826 835 1863 15,
856 1827 876 1856 4
894 1829 934 1856 Et
953 1830 1088 1866 gemiscit
1108 1828 1148 1863 (ἲν,
1174 1831 1203 1856 et
1221 1830 1354 1866 frigescit
1372 1830 1416 1864 D;

108 1874 168 1893 non
193 1866 326 1902 frigescit
343 1866 386 1902 Κ,
414 1875 469 1894 nec
493 1867 626 1901 frigescit
649 1867 674 1894 Ι.
694 1882 734 1886 -
753 1866 798 1902 15,
820 1865 837 1894 6
855 1868 926 1895 Mea
945 1877 1057 1895 mecum
1079 1868 1112 1894 tu
1133 1867 1175 1902 A;
1196 1868 1256 1895 Eia
1275 1877 1341 1896 mea
1360 1869 1416 1895 sim

108 1904 141 1930 in
161 1904 200 1939 Θ,
226 1905 303 1931 Tota
328 1912 395 1932 mea
419 1907 452 1932 tu
477 1906 510 1932 in
529 1904 568 1931 H.
587 1919 624 1923 —
649 1903 692 1939 15,
713 1905 731 1933 7
750 1906 831 1934 Tuus
852 1914 900 1933 ero
920 1908 951 1933 te
970 1906 1099 1941 DGHK3
1121 1906 1187 1933 Tua
1206 1915 1254 1934 ero
1275 1909 1305 1935 te
1329 1907 1359 1935 G.
1381 1921 1415 1925 —

110 1939 155 1975 15,
176 1940 194 1970 9
221 1940 313 1970 Immo
333 1944 398 1970 tota
416 1952 529 1971 mecum
549 1944 606 1970 eris
628 1943 659 1971 C.
679 1958 717 1964 —
739 1942 783 1978 16,
802 1942 823 1971 4
841 1943 912 1972 Sola
930 1945 998 1980 ipsa
1017 1947 1051 1972 tu
1064 1944 1098 1973 G.
1119 1959 1156 1963 —
1179 1942 1221 1979 16,
1243 1943 1260 1973 5
1280 1946 1325 1973 Tu
1345 1944 1419 1973 fehlt

109 1980 147 2016 G3
173 1980 245 2009 fiola
269 1981 306 2008 D.
329 1994 367 1999 —
394 1978 436 2015 16,
458 1980 475 2008 7
500 1981 615 2010 Planda
632 1982 657 2009 Ι.
678 1998 715 2002 -—
737 1980 781 2016 16,
798 1980 833 2010 10
844 1982 905 2010 Fac
924 1984 957 2010 ut
976 1991 1111 2019 spernam
1132 1982 1240 2010 frivola
1260 1983 1354 2019 ODK;
1376 1984 1419 2012 Ut

107 2027 222 2055 semper
248 2027 384 2054 spernam
409 2019 519 2048 frivola
543 2019 577 2047 G.
605 2033 641 2037 —
670 2017 713 2054 17,
734 2018 752 2049 3
777 2020 872 2048 Plena
895 2022 971 2049 rosis
995 2022 1076 2049 intus
1101 2021 1140 2048 H.
1167 2035 1204 2039 —
1236 2020 1280 2056 17,
1300 2021 1320 2050 4
1337 2022 1416 2051 Fons

107 2057 221 2086 decoris
249 2058 276 2086 D
284 2069 292 2093 5
319 2058 385 2085 Vox
409 2058 523 2086 decoris
547 2058 581 2085 P.
606 2073 644 2078 —
673 2057 716 2092 17,
738 2057 756 2086 5
780 2058 822 2087 Et
845 2058 919 2086 fehlt
944 2060 979 2087 A.
1006 2075 1043 2079 —
1072 2057 1115 2093 17,
1137 2057 1154 2087 6
1178 2059 1299 2088 laudum
1326 2063 1357 2089 P.
1377 2075 1415 2079 —

107 2094 152 2130 17,
175 2094 210 2124 10
230 2096 272 2125 E't
290 2105 386 2124 meum
407 2097 584 2125 desiderium
600 2095 718 2125 ODHK.
739 2112 777 2116 —
799 2094 843 2132 18,
866 2096 880 2124 1
902 2098 1012 2132 Gaude,
1034 2101 1100 2127 rota
1113 2098 1151 2126 H.
1173 2112 1210 2117 —
1232 2097 1276 2133 18,
1292 2098 1309 2126 2
1329 2099 1414 2127 Vivis

105 2136 229 2171 gemmis
253 2135 322 2172 AP3
348 2137 490 2163 coronata
513 2135 547 2163 P.
573 2150 612 2154 —
637 2133 681 2170 18,
707 2133 726 2164 3
752 2145 782 2163 es
810 2136 965 2171 praeclara
991 2136 1022 2164 G.
1048 2153 1086 2158 —-
1116 2134 1161 2171 18,
1180 2135 1198 2164 7
1223 2138 1304 2166 lucet
1321 2139 1358 2166 D.
1381 2153 1417 2158 —

107 2171 150 2208 18,
173 2172 190 2202 9
221 2173 310 2202 Cuius
336 2174 431 2202 honor
456 2176 502 2202 est
526 2173 585 2201 CK.
612 2190 650 2194 —
678 2172 721 2208 18,
744 2172 778 2202 10
810 2174 882 2208 Quis
907 2178 1005 2211 potest
1033 2176 1071 2212 Ο,
1097 2176 1153 2203 fari
1181 2177 1299 2213 singula
1324 2177 1358 2205 G.
1378 2190 1416 2194 —

106 2210 156 2247 19,
181 2210 195 2240 l
227 2214 348 2249 aspectu
375 2213 437 2241 GH.
462 2229 500 2233 ——-
529 2210 579 2248 19,
608 2210 626 2240 2
650 2213 741 2240 Amor
767 2213 844 2241 vivit
866 2213 899 2240 in
924 2215 960 2249 P;
988 2214 1079 2243 Ardet
1104 2222 1187 2242 amor
1212 2215 1244 2241 in
1263 2216 1304 2244 K:
1326 2215 1416 2242 Amor

103 2251 188 2279 ardet
213 2253 246 2279 in
270 2252 311 2286 D;
345 2252 459 2280 defectu
488 2251 548 2280 CH.
574 2267 613 2271 —
640 2249 692 2286 19,
717 2249 735 2279 3
761 2252 822 2279 Mei
847 2252 943 2280 cordis
974 2256 1057 2289 patet
1084 2253 1156 2289 DK;
1191 2253 1249 2287 Qui
1278 2256 1308 2281 te
1336 2255 1415 2280 amat

102 2290 190 2318 corde
215 2291 283 2319 fluit
305 2290 339 2318 P.
365 2305 403 2309 —
432 2289 475 2324 19,
496 2289 516 2319 4
541 2290 610 2318 Mea
634 2292 729 2318 scatet
747 2291 808 2318 iam
827 2290 868 2325 A;
889 2290 935 2319 Ad
954 2293 983 2319 te
1003 2292 1087 2328 fugit,
1109 2294 1177 2327 post
1195 2294 1225 2319 te
1244 2292 1304 2318 ruit
1322 2292 1355 2319 P.
1375 2305 1413 2309 —

102 2327 146 2363 19,
167 2327 185 2357 5
211 2330 273 2358 iam
298 2338 423 2366 propera
446 2330 483 2358 K.
511 2345 550 2351 ——
577 2327 620 2363 19,
642 2327 659 2357 6
684 2329 744 2357 vile
769 2337 867 2356 meum
891 2330 921 2365 Ι,
942 2330 1033 2365 Intra,
1056 2330 1159 2364 dulcis,
1181 2338 1277 2357 meum
1303 2330 1411 2357 lectum

99 2368 137 2395 D.
163 2383 203 2387 —-
230 2365 274 2401 19,
295 2367 313 2396 7
333 2368 429 2396 Tuum
447 2372 550 2397 natum
570 2368 613 2396 fer
632 2368 669 2396 D.
691 2382 728 2387 —-
750 2366 793 2403 19,
814 2364 833 2395 8
852 2370 950 2397 sterne
969 2376 1052 2397 tuum
1071 2368 1106 2397 Gr.
1128 2382 1166 2387 -—
1186 2365 1231 2401 20,
1254 2365 1271 2394 2
1290 2368 1326 2395 In
1349 2375 1405 2402 quo

98 2406 179 2435 lucet
202 2407 293 2436 GDK.
319 2422 357 2427 —
383 2405 434 2441 20,
455 2406 474 2436 3
500 2409 582 2436 Tuos
602 2415 717 2444 semper
733 2407 793 2435 huc
812 2405 850 2442 Ο,
869 2407 950 2435 Tuos
972 2416 1074 2436 servos
1091 2406 1140 2434 hic
1160 2406 1202 2436 D:
1223 2405 1279 2433 hac
1298 2407 1331 2433 in
1349 2406 1412 2433 vita

156 2459 284 2485 Dreves,
299 2458 342 2482 Pia
357 2459 501 2483 Dictamina.
533 2459 560 2482 V.
1232 2464 1239 2481 ι
