1651 2700
124 253 180 286 33.
206 253 267 293 Qui
292 253 390 297 dedit,
420 255 456 285 ut
480 253 572 286 arida

124 662 177 693 534.

118 1473 172 1505 536.

120 1880 173 1913 37.

119 2291 173 2323 38.

253 301 342 342 virga
363 301 543 341 pullularet,

203 347 307 390 Fecit,
331 351 367 380 ut
392 351 424 381 et
446 347 544 380 filium

250 396 338 437 virgo
362 398 557 436 procrearet,

203 444 262 483 Qui
285 444 428 476 mortalis
452 446 585 483 propter
607 450 665 474 nos

252 491 279 522 si
303 500 364 523 non
391 491 543 532 expiaret,

201 538 369 578 Nunquam
394 546 451 570 nos
476 547 495 570 a
519 537 626 570 debita

251 590 351 618 morte
375 586 536 617 liberaret.

204 660 365 700 Numquid
389 669 451 691 non
478 661 517 692 de
541 660 662 697 virgine

249 708 353 748 potuit
377 716 485 739 creare

203 754 299 795 Deus,
326 762 415 794 quem
442 754 482 786 de
505 755 637 793 pulvere

250 802 352 834 noluit
379 800 543 834 formare?

202 850 235 881 Si
260 849 342 880 velle
362 850 567 890 prospicitur,

251 897 289 928 (le
311 905 406 936 posse
428 899 567 929 tractare

202 943 273 976 Non
300 944 399 982 dccet,
425 953 498 977 nam
522 948 635 985 potens
661 948 706 976 cst

248 994 360 1023 cuneta
384 1001 549 1026 renovare.

168 1092 176 1099 .
203 1067 311 1098 t'essct
334 1067 542 1100 incredulitas

249 1114 375 1145 cuiusve
398 1115 509 1148 Iudaei

203 1160 343 1193 'Proinde
371 1162 542 1201 potentiam

247 1209 468 1249 blasphemare
492 1209 563 1252 Dei,

204 1256 323 1296 (essu,
349 1258 485 1301 inquam,
513 1258 648 1299 supplici

245 1311 323 1335 voce
348 1304 485 1337 clamans
512 1305 553 1336 ei:

200 1351 281 1391 Iesu,
307 1349 352 1383 fili
377 1352 518 1393 virginis,

246 1399 395 1431 miserere
420 1401 491 1433 mei.

199 1473 267 1505 Rex
292 1474 431 1515 Aegypti
456 1476 583 1509 Pharao

244 1520 328 1553 vidit
348 1531 414 1554 una
437 1524 516 1564 vice,

198 1567 312 1600 Refert
337 1573 373 1601 ut
397 1571 538 1611 historia,

249 1616 394 1656 quodque
418 1622 538 1658 septem
565 1620 670 1660 spicae

200 1663 405 1695 Pullulabant,
428 1667 548 1705 pariter

247 1718 284 1741 ex
310 1720 371 1744 una
395 1713 513 1752 radice,

200 1757 289 1796 Quod
314 1760 426 1799 exponi
452 1762 568 1800 poterit

252 1806 291 1836 ‹le
314 1806 370 1838 illa
395 1806 499 1839 felice⁴

201 1880 263 1912 Per
290 1878 444 1914 formosas
470 1885 583 1916 etenim

247 1928 360 1967 apicas.
386 1934 419 1961 ut
446 1934 597 1971 expressit

198 1975 313 2016 Ioseph
339 1978 422 2017 regis
447 1981 610 2016 somnium,

246 2031 358 2056 secura
381 2028 533 2065 repressit

200 2070 329 2103 Famem
353 2072 556 2115 abundantia,

247 2127 339 2157 quam
364 2121 453 2161 large
479 2124 642 2166 concessit,

200 2165 251 2197 Ex
278 2167 338 2197 hac
361 2177 454 2200 sacra
478 2170 600 2210 virgine

248 2212 369 2247 fructus
395 2217 450 2259 qui
474 2220 638 2257 processit.

201 2289 304 2330 Supra
329 2294 453 2331 tempus
479 2295 592 2334 eapitis

246 2338 373 2371 Sisarae
393 2341 531 2379 ponebat

199 2385 286 2418 Iahel
314 2387 435 2420 olavum
461 2388 598 2423 ferreum

248 2437 277 2465 et
301 2435 388 2468 clato
413 2436 630 2481 transfigebat,

738 156 782 190 12

798 470 853 503 39.

795 881 850 913 40.

792 1289 849 1322 41.

798 2112 852 2144 43.

882 252 974 291 Quod
999 251 1207 285 effectualiter

926 299 1033 332 Maria
1061 299 1251 340 complebat,

883 347 959 380 Cum
984 347 1143 386 serpentis
1170 346 1286 378 veteris

928 396 1023 434 caput
1048 394 1242 427 conterebat.

879 471 969 503 Haec
995 468 1113 513 [virgo]
1140 473 1189 502 est
1212 469 1339 510 mulier,

928 527 1009 559 quae
1034 517 1212 550 circumdat
1237 517 1339 549 virum

882 564 1136 598 Commedentem
1161 566 1285 606 pariter

927 615 958 645 et,
980 613 1042 645 mel
1068 617 1100 645 et
1124 613 1284 652 butyrum,

879 660 950 693 Hoc
976 661 1095 694 dixisse
1122 661 1256 693 dicimus

925 718 990 741 non
1016 717 1085 741 esse
1111 709 1257 748 delirum,

878 756 969 796 Quod
995 757 1077 789 dixit
1101 756 1261 788 veridicus

923 806 1092 845 propheta,
1119 813 1179 837 nec
1203 806 1328 838 mirum.

879 880 1056 920 Sars-plana
1080 881 1178 913 vidua

925 928 1031 960 Maria
1054 929 1209 970 signatur,

879 977 935 1009 eui
959 976 1104 1015 lechytus
1130 977 1192 1008 olei

925 1032 986 1055 non
1011 1024 1222 1059 minuebatur,

878 1070 919 1102 Et
945 1069 1070 1104 farinae
1093 1072 1212 1110 hydria

924 1120 1023 1159 magis
1049 1119 1235 1160 augebatur,

878 1166 920 1198 Ut
947 1167 1059 1200 Helias
1084 1167 1213 1199 Domini

923 1224 1034 1247 servus
1063 1215 1262 1254 loquebatur.

875 1289 968 1321 Hanc
992 1299 1108 1323 vocare
1132 1292 1253 1331 poteris

924 1339 1029 1382 etiam,
1056 1340 1084 1370 si
1109 1340 1198 1382 velis,

876 1386 938 1418 Por
962 1388 1099 1429 Annam,
1125 1396 1206 1427 quae
1230 1386 1335 1419 fuerat

924 1438 1026 1466 mater
1055 1434 1222 1474 Samuelis,

877 1484 972 1519 (Quem
1000 1482 1057 1514 sub
1084 1483 1158 1516 Heli
1183 1487 1324 1526 voverat,

922 1533 958 1562 ut
983 1535 1056 1562 voto
1081 1531 1186 1564 fidelis

876 1576 1071 1610 serviturum
1100 1579 1217 1612 obtulit

922 1627 1058 1658 Domino
1091 1628 1130 1659 ‹le
1156 1628 1262 1660 caelis.

842 1725 849 1731 .
876 1700 965 1733 Ilaec
990 1707 1039 1734 est
1062 1705 1265 1738 nominaliter

924 1750 1010 1782 (licta
1034 1754 1132 1784 maris
1157 1754 1260 1794 stella,

875 1798 942 1836 Qua
967 1799 1099 1832 sedatur
1123 1802 1250 1843 saepius

923 1847 1047 1879 marina
1069 1851 1223 1888 procella,

876 1891 966 1925 Haec
988 1896 1123 1934 pudoris
1147 1899 1317 1937 thalamus,

923 1941 1002 1973 haec
1027 1948 1180 1984 unguenti
1204 1949 1295 1986 cella,

877 1988 974 2028 Haec,
1002 2001 1081 2031 quae
1100 1995 1168 2027 sola
1195 1995 1313 2029 dicitur

923 2040 1024 2071 mater
1047 2044 1080 2072 et
1103 2044 1220 2083 puella.

877 2112 969 2146 Haeo,
993 2117 1140 2150 columna
1163 2123 1315 2160 populum

925 2163 1024 2196 Israel
1049 2165 1220 2207 deducens,

878 2213 944 2248 Quo
969 2212 1133 2255 tendebat,
1159 2216 1267 2249 lucide

924 2257 965 2289 <le
988 2262 1083 2291 nocte
1106 2262 1276 2304 reducens,

878 2303 966 2337 Ilaec
990 2308 1031 2339 ad
1056 2308 1142 2341 vitae
1166 2311 1294 2345 ianuam

925 2355 1039 2387 semita
1063 2358 1253 2402 perducens,

879 2399 979 2442 Haeo,
1005 2412 1063 2442 per
1088 2414 1181 2445 quam
1206 2411 1371 2443 seducitur

925 2448 1023 2482 Satan
1048 2461 1107 2485 nos
1132 2456 1298 2491 seducens.
