1651 2700
732 183 959 219 -56-

214 281 246 317 5.
273 282 319 313 ΤΘ
344 282 445 314 adiuti
469 283 640 323 gloriemur
895 282 926 313 6.
951 280 1002 312 Ne
1028 280 1212 312 damnemur
1236 289 1306 312 cum
1330 278 1446 321 impiis,

276 329 486 370 Absolutique
509 331 662 362 laetemur
953 328 1019 361 Sed
1044 327 1148 368 dignis
1172 327 1320 368 precihus
1345 327 1408 359 tuis

322 378 352 409 A
377 378 515 417 peccatis
541 378 694 417 omnibuS,
1001 375 1168 407 Valeamus
1193 375 1356 418 scandere,

273 424 324 457 Ne
348 424 445 457 Satan
467 434 536 456 cum
561 425 625 457 suis
649 422 760 456 turmis
952 422 1016 455 Ubi
1039 432 1147 455 manes
1171 432 1241 455 cum
1265 422 1342 464 filio,

275 471 341 504 Nos
368 475 536 512 congreget
558 472 592 504 in
618 469 765 503 extremis
951 470 1029 502 Cum
1052 473 1155 511 patre,
1182 479 1252 503 cum
1277 470 1442 513 paraclito,

321 520 436 552 Poenis
460 518 679 551 infernalibus.
1002 517 1081 550 Cum
1106 527 1197 550 sacro
1221 521 1275 550 tuo
1298 517 1438 550 foedere.

559 587 589 617 7.
616 584 699 624 Tibi,
726 583 861 627 Christe,
889 584 932 616 sit
955 584 1058 624 gloria

612 631 689 663 Cum
712 633 815 663 matre
838 634 893 663 tua
916 631 1024 663 Maria

659 679 722 711 Hic
747 681 777 709 et
801 679 834 710 in
861 679 1067 720 caelestibus;

609 725 752 766 Hymnus
776 726 839 758 iste
863 727 904 759 sit
930 727 1062 759 devotus

609 773 683 806 Tibi
708 782 833 814 semper
857 777 952 816 atque
976 778 1084 815 gratus

657 822 695 853 In
719 821 844 854 Mariae
867 822 1024 857 laudibus,

278 894 356 922 Orat.
385 904 426 922 ms
457 895 593 923 Italicum
614 904 688 924 saec.
712 894 756 924 15.
797 896 865 924 Cod.
884 897 1047 925 Londinen.
1067 897 1141 924 Add.
1164 893 1271 924 10826.
1291 910 1329 916 -—
1351 894 1375 930 1,
1395 894 1415 924 4
1432 897 1504 930 Ave,

203 942 276 970 quae
290 934 393 960 Deum.
407 948 445 952 —
457 931 484 966 4,
500 932 517 961 5
539 932 630 961 filium
652 937 734 962 tuum
754 935 826 962 sine.
839 949 878 954 —
891 934 918 970 5,
932 933 950 962 2
969 935 1044 963 fehlt
1056 936 1121 963 eine
1135 934 1230 969 silbe3
1253 943 1309 970 que
1325 935 1452 970 ergssinzt.
1465 951 1504 954 —

204 973 302 1007 „Ham
348 972 490 999 rationem
518 974 682 1008 compesuit
706 972 824 1010 quidam
850 974 1009 1001 monachus
1030 972 1291 1006 claraevallensis,
1319 975 1349 1000 et
1368 974 1506 1009 apparuit

204 1012 228 1037 ei
256 1011 344 1038 beata
370 1010 453 1046 virgo
474 1010 571 1037 Maria
595 1010 706 1039 dicens:
735 1009 768 1037 Si
792 1012 857 1047 quis
881 1011 958 1039 hanc
978 1013 1140 1040 orationem
1159 1011 1249 1040 semel
1269 1012 1300 1037 in
1320 1011 1368 1038 die
1389 1011 1502 1045 dixerit,

203 1047 348 1084 apparebo
370 1049 396 1075 ei
416 1049 447 1074 in
466 1047 523 1075 fine
542 1046 623 1076 suo.“

650 1160 696 1191 36.
727 1160 770 1192 De
785 1160 881 1192 beata
901 1160 1002 1193 Maria
1021 1161 1057 1192 V.

838 1231 865 1266 Ι.

220 1295 249 1328 1.
275 1294 356 1336 Ave,
382 1294 471 1335 virgo
496 1296 644 1338 gloriosa,
897 1299 928 1331 5.
954 1298 1033 1342 Ave,
1062 1297 1187 1340 fulgens
1214 1300 1245 1329 et
1269 1298 1445 1341 praeclara,

272 1342 419 1375 Paradisi
446 1351 582 1375 vernans
606 1353 689 1384 rosa,
954 1347 1034 1386 Ave,
1060 1355 1178 1386 sponsa
1201 1346 1263 1378 Dei
1286 1355 1371 1388 cara,

273 1389 376 1428 Super
401 1398 508 1422 omnes
534 1392 688 1432 speciosa,
953 1394 1032 1436 Ave,
1060 1394 1161 1425 dulcis
1188 1395 1220 1424 et
1243 1393 1390 1434 benigna,

318 1436 379 1468 Dei
404 1438 547 1477 genetrix
572 1439 687 1473 Maria.
951 1442 1032 1482 Ave,
1059 1450 1156 1481 super
1181 1450 1289 1473 omnes
1316 1441 1422 1482 digna,

998 1488 1060 1521 Dei
1086 1489 1232 1529 genetrix
1257 1489 1372 1523 Maria.

893 1546 923 1578 6.
950 1547 1030 1588 Ave,
1056 1547 1165 1578 lucens
1187 1546 1221 1577 in
1246 1546 1432 1586 praeclaris,

950 1593 1037 1632 Quae
1060 1594 1116 1626 lux
1140 1594 1202 1627 Dei
1226 1594 1411 1636 appellaris,

949 1642 1029 1682 Ave,
1057 1642 1144 1682 virgo
1168 1641 1348 1683 singularis,

949 1688 1021 1720 Duo
1044 1699 1114 1731 nos,
1137 1690 1193 1722 ubi
1219 1690 1389 1723 delectaris

951 1736 1026 1768 Sine
1050 1736 1114 1769 fine
1139 1743 1171 1771 et
1192 1738 1332 1778 laetaris,

212 1515 243 1545 2.
269 1512 348 1550 Ave,
374 1514 485 1545 mundi
512 1515 714 1555 dominatrix,

268 1559 472 1592 Peccatorum
498 1562 675 1607 liberatrix,

270 1607 371 1640 Nobis
400 1609 443 1639 sis
468 1610 651 1642 auxiliatrix

269 1654 312 1687 Et
342 1663 467 1695 semper
492 1658 706 1698 propitiatriX,

318 1701 379 1733 Dei
404 1705 548 1743 genetrix
570 1705 687 1740 Maria.

218 1780 248 1811 3.
276 1779 354 1820 Ave,
382 1787 573 1820 consurgens
597 1790 720 1825 aurora,
997 1784 1058 1817 Dei
1084 1785 1229 1826 genetrix
1252 1786 1370 1821 Maria.

273 1823 411 1878 Fffllgesss
438 1829 476 1880 θ’θ’
494 1836 590 1860 aurea
611 1829 702 1871 h0fa>
892 1842 921 1875 7.
949 1841 1028 1882 Ave,
1054 1843 1160 1875 lumen
1185 1844 1349 1885 scientiae,

273 1872 370 1912 Virgo
394 1873 494 1927 dulcls
520 1878 552 1906 et
576 1876 701 1930 decora,
949 1888 1070 1922 Lumen
1093 1891 1342 1934 intellegentiae,

276 1919 336 1951 Pro
361 1920 452 1952 nobls
476 1923 601 1955 miseris
626 1934 698 1966 ora;
949 1936 1055 1970 Decor
1075 1939 1276 1980 prudentiae,

275 1966 338 1998 01¹st
361 1976 495 2010 semper,
521 1980 646 2011 semper
671 1982 737 2013 ora,
950 1985 1010 2017 Via
1032 1987 1183 2029 iustitiae,

274 2013 337 2045 Ora
361 2023 465 2055 segem
491 2020 523 2048 (Ξῖ
546 2020 691 2072 implora,
950 2033 1030 2073 Spes
1054 2034 1177 2078 salutis,
1203 2034 1274 2067 fons
1300 2037 1421 2080 veniae,

272 2061 319 2094 Ut
346 2071 402 2093 nos
428 2064 520 2096 ducat
545 2075 614 2098 sme
637 2077 727 2101 mora
948 2080 1056 2113 Mater
1080 2083 1330 2125 misericordiae,

271 2109 324 2141 Ad
350 2118 445 2149 regna
472 2114 642 2154 sereniora,

371 2157 377 2163 .
517 2160 522 2166 .
647 2162 653 2168 ,
993 2129 1056 2161 Dei
1080 2131 1225 2170 genetrix
1248 2132 1363 2166 Maria.

318 2156 381 2188 Dei
405 2162 548 2197 genetrix
571 2161 687 2195 Maria.

891 2186 922 2218 8.
948 2188 1028 2227 Ave,
1055 2188 1160 2220 lumen
1186 2189 1331 2221 veritatis

215 2226 246 2257 4.
273 2223 352 2265 Ave,
379 2224 467 2264 virgo
492 2228 683 2267 veneranda,
948 2233 993 2265 Et
1017 2243 1175 2274 supernae
1200 2236 1364 2279 claritatis,

275 2270 385 2303 Dulcis
410 2280 535 2312 semper
561 2277 590 2305 et
615 2277 761 2316 amanda,
949 2281 1030 2322 Ave,
1057 2281 1128 2314 fons
1152 2283 1359 2324 benignitatis

272 2319 355 2352 Prae
384 2320 527 2352 omnibus
553 2322 773 2363 collaudanda,
948 2328 993 2360 Et
1016 2330 1188 2362 immensae
1212 2331 1376 2376 bonitatis,

273 2367 362 2400 Inter
386 2376 492 2399 omnes
518 2369 714 2411 admiranda,
947 2376 1028 2417 Ave,
1054 2379 1208 2417 templum
1234 2382 1414 2415 sanctitatis

274 2414 377 2455 Super
402 2425 509 2448 omnes
535 2418 712 2461 exaltanda,
948 2423 992 2455 Et
1018 2433 1113 2457 verae
1136 2427 1336 2469 humilitatis,

318 2462 381 2495 Dei
405 2465 547 2504 genetrix
571 2465 687 2502 Maria,
997 2471 1058 2504 Dei
1082 2474 1227 2513 genetrix
1250 2476 1367 2512 Maria.
