1651 2700
737 140 972 175 ‘34-

221 241 275 274 14.
304 241 327 273 O
352 240 440 280 virgo
466 240 561 272 caelis
586 239 691 279 altior,
899 236 954 271 17.
980 236 1102 276 Accipe
1126 234 1225 267 melos
1250 234 1311 267 hoc
1335 243 1442 274 suave,

308 286 458 320 Omnibus
483 287 585 319 stellis
612 286 737 326 clarior,
981 282 1132 316 Precanti
1156 283 1281 315 veniam
1304 282 1387 322 fave,

350 335 457 367 Mater
482 334 691 373 ornatissima,
1029 329 1168 363 Domina
1189 329 1326 369 piisima,

301 382 427 422 Abysso
452 385 486 414 tu
510 380 700 422 profundior
982 379 1063 418 Ave,
1088 377 1244 409 Dominus
1270 380 1319 408 est
1343 379 1458 417 tecum,

304 429 492 469 Sanctisque
518 429 637 461 cunctis
662 427 812 467 sanctior,
983 426 1021 457 In
1046 425 1191 456 adversis
1216 427 1251 456 tu
1275 425 1319 456 sis
1344 433 1477 466 mecum,

348 477 455 509 Maria
479 475 687 508 sanctissima.
1031 472 1056 505 O
1082 472 1352 505 benedictissima.

226 553 279 586 15.
306 553 448 584 Laudem
466 549 610 592 praefers
628 550 829 590 singularem,
900 548 956 581 18.
983 549 1062 585 Ave,
1089 547 1233 588 paradisi
1258 551 1363 591 porta,

306 600 374 631 Nec
398 600 429 630 in
453 599 548 631 caelis
573 597 671 629 habes
697 604 816 636 parem,
983 597 1019 628 In
1046 595 1158 627 exsilio
1184 595 1331 629 conforta

348 646 444 685 Virgo
468 645 709 684 spectatissima,
1030 642 1097 675 Nos
1122 643 1240 685 lapsos,
1267 644 1445 683 mitissima,

305 693 413 726 Gloria
436 692 563 724 humani
588 693 723 733 genem,
983 691 1073 730 Esto,
1099 693 1203 723 mater
1225 691 1361 732 inibata,

306 739 477 779 Purgatrix
501 739 600 771 omnis
624 739 765 780 sceleris,
982 739 1175 771 Miserorum
1201 740 1369 779 advocata,

353 787 376 819 O
401 790 546 819 matrona
570 787 733 819 altissima.
1031 787 1129 827 Virgo
1158 787 1419 827 prudentissima.

224 864 276 896 16.
305 863 352 894 Tu
376 865 567 895 maestorum
593 864 786 896 consolatrix
903 862 957 897 19.
983 863 1181 895 Assistentes
1207 866 1281 896 tuae
1305 864 1395 896 laudi

302 911 542 950 Lapsorumque
564 911 746 951 relevatrix,
985 910 1130 951 Propitia
1153 919 1212 943 nos
1239 911 1366 955 exaudi,

351 957 431 997 Spes
455 961 567 990 nostra
590 958 787 999 suavissima,
1031 958 1139 990 Maria
1164 958 1362 1001 dignissima,

303 1005 327 1037 O
355 1005 473 1037 Christi
498 1009 608 1050 mater,
635 1015 702 1044 ave,
983 1008 1023 1039 In
1048 1006 1108 1038 hac
1132 1010 1167 1038 tu
1192 1008 1384 1041 necessitate

303 1052 385 1084 Dele
410 1056 552 1085 nostrum
579 1055 695 1085 crimen
721 1063 828 1095 grave,
984 1053 1164 1094 Rigidaque
1186 1058 1378 1095 tempestate

347 1100 659 1133 misericordissima.
1031 1102 1120 1146 Iuva,
1148 1102 1366 1137 dilectissima.

556 1179 612 1211 20.
636 1177 687 1209 Ne
711 1177 848 1211 Simonis
872 1178 1021 1211 navicula

637 1225 682 1257 Et
704 1224 766 1257 filii
790 1226 932 1259 tunicula

692 1274 896 1314 scindantur,
925 1273 1098 1314 carissima,

641 1322 691 1352 Ac
713 1320 861 1353 haereses
884 1322 1033 1354 interime

639 1369 728 1401 Haec
751 1368 984 1409 schismataque
1008 1370 1157 1415 reprime,

691 1417 715 1449 O
740 1420 843 1449 mater
867 1417 1072 1457 suavissima3

642 1464 733 1496 Tunc
756 1465 904 1505 impetra,
929 1465 1013 1505 quod
1038 1467 1156 1506 gaudia

644 1511 866 1544 Possideamus
893 1513 1022 1553 caelica,

691 1558 797 1591 Maria
820 1560 1009 1600 largissima.

284 1638 352 1665 cod.
373 1638 402 1666 S.
424 1639 556 1668 Floriani
574 1642 623 1670 (ol.
643 1641 835 1680 XViblingen.)
856 1644 900 1671 XI
921 1641 984 1672 210.
1006 1646 1077 1672 anni
1094 1644 1176 1674 1578.
1197 1661 1236 1666 -
1254 1647 1281 1681 4,
1296 1647 1518 1678 4Pat1iarehae

208 1674 344 1704 Abrahae
361 1675 431 1704 filia.
453 1692 489 1696 —
509 1677 552 1712 12,
573 1677 593 1706 4
613 1683 642 1708 et
659 1681 790 1709 humilis,
810 1697 847 1701 —
869 1681 912 1717 154
933 1681 953 1710 4
970 1683 1049 1711 Eine
1069 1682 1150 1713 Silbe
1170 1695 1209 1713 zu
1228 1686 1304 1722 vie13
1326 1689 1396 1716 lies:
1418 1688 1520 1717 Gloria

207 1715 301 1741 nostri
320 1717 456 1750 generis?
476 1731 514 1736 ——
535 1715 584 1749 16,
604 1717 623 1746 4
642 1719 719 1748 Eine
740 1719 822 1747 Silbe
844 1729 881 1748 zu
902 1723 1012 1757 wenig3
1039 1722 1107 1750 lies:
1127 1723 1197 1751 Iesu
1218 1723 1328 1754 Christi
1347 1728 1460 1755 mater?
1483 1741 1519 1747 —

209 1749 272 1817 331,ss
273 1751 534 1818 gdmffszindebantur.
556 1769 591 1774 --
612 1757 695 1786 Nach
717 1756 761 1792 20,
782 1756 801 1785 4
822 1767 865 1795 sq.
885 1760 927 1787 ist
946 1759 997 1787 das
1018 1760 1092 1788 Lied
1113 1769 1166 1788 aus
1187 1763 1238 1789 der
1257 1763 1324 1792 Zeit
1343 1764 1394 1793 des
1413 1765 1519 1802 Papst-

662 1944 703 1976 19.
735 1945 778 1977 De
796 1945 895 1978 beata
912 1947 1015 1979 Maria
1034 1948 1070 1980 V.

226 2123 256 2157 1.
283 2124 485 2177 AVa-maris
509 2127 612 2167 stella,
905 2134 936 2166 2.
962 2133 1052 2165 Inter
1075 2136 1124 2165 tot
1148 2133 1284 2180 flagella,

282 2170 381 2204 Verbi
404 2172 465 2204 Dei
491 2173 581 2214 cena,
963 2180 1036 2213 Lux
1060 2190 1187 2223 semper
1210 2184 1346 2229 novena,

329 2220 411 2253 Veri
434 2220 510 2252 solis
535 2220 653 2263 aditus,
1011 2227 1077 2260 Fer
1099 2238 1193 2269 opem
1220 2230 1384 2274 divinitus,

282 2266 383 2300 Maris
408 2265 499 2299 aufer
523 2267 617 2309 bella,
965 2276 1028 2307 Pro
1052 2276 1146 2308 nobis
1173 2279 1339 2324 compella,

287 2314 399 2355 Sopita
422 2315 565 2355 procella
966 2323 1057 2355 Mitis
1082 2326 1119 2355 ut
1143 2326 1279 2368 agnella,

330 2362 382 2396 Da
408 2372 537 2396 securos
561 2364 725 2400 transitus,
1012 2370 1147 2403 Missum
1171 2382 1287 2414 agnum
1314 2377 1457 2412 caelitus
