1651 2700
631 170 674 176 —-
726 150 794 186 195
842 168 901 176 —v

466 246 498 279 6.
525 244 652 279 Decora
675 246 731 279 lux
754 255 819 280 non
844 256 958 280 casura.

573 293 756 334 splendens
777 297 816 327 ut
838 304 964 335 aurora,

526 340 632 374 Carne
655 342 804 383 pulchra,
830 345 937 375 mente
959 353 1051 387 pura,

573 389 622 421 Tu
646 398 706 430 pro
730 388 823 423 nobis
849 400 915 431 ora,

526 435 574 469 Ut
595 437 631 469 in
655 437 767 469 mortis
792 446 851 470 nos
877 437 985 471 futura

572 483 775 518 Gaudeamus
800 484 897 526 hora3

526 532 619 572 Vale,
644 533 755 565 nostra
778 541 855 572 spes
879 540 1002 575 secura,

574 579 624 611 Tu
647 580 744 612 valde
769 579 896 621 decora,

571 626 742 661 Advocata
764 628 933 662 tutissima.

105 677 265 747 Ecclogssg
292 689 347 709 ms.
375 682 489 711 Domus
515 683 620 712 Novae
644 683 735 711 Lucis
765 684 836 712 anni
865 682 947 712 1477.
989 682 1058 713 Cod.
1085 684 1273 712 Ultraiectin.
1305 683 1424 721 Scriptt.

540 812 604 844 145.
633 814 678 845 De
698 813 794 845 beata
812 813 914 845 Maria
934 813 971 845 V.

127 882 158 917 1.
186 882 291 927 Salve,
319 882 419 923 salve,
446 891 465 914 o
490 882 641 925 formosa,
810 884 841 917 5.
868 884 973 917 Valde
998 884 1083 917 facta
1109 893 1142 916 es
1167 884 1284 926 suaviS,

182 930 282 972 Virgo
306 930 401 962 nimis
427 930 583 972 speciosa,
869 931 965 971 Quasi
990 941 1105 971 magna
1127 931 1225 972 plena
1249 932 1339 964 navis

230 977 349 1010 Sancta
373 977 436 1011 Dei
461 978 617 1020 genetrix,
917 979 1070 1011 Omnibus
1097 978 1240 1018 deliciis3

179 1025 231 1057 Tu
254 1035 290 1058 es
314 1025 407 1066 virga
431 1024 612 1067 benedicta,
868 1026 963 1059 Omni
987 1027 1084 1066 plena
1108 1035 1141 1058 es
1165 1025 1326 1067 thesauro,

181 1073 211 1105 A
236 1073 398 1114 propheta
420 1073 486 1105 iam
511 1073 689 1115 praedicta,
867 1074 968 1106 Plena
994 1074 1136 1114 gemmis,
1163 1073 1252 1105 dives
1278 1081 1356 1105 auro

226 1120 278 1153 De
303 1121 415 1153 radice
437 1120 548 1165 nobili⁷
913 1121 964 1152 Ac
989 1121 1120 1153 caelesti
1145 1121 1259 1162 gratia.

124 1180 155 1212 2.
180 1177 254 1210 Hoc
278 1179 328 1210 est
353 1177 394 1210 de
419 1178 508 1211 Iesse
532 1177 659 1219 radice;
810 1178 840 1210 6.
867 1178 917 1210 Tu
943 1186 976 1209 es
1001 1180 1078 1210 nata
1102 1178 1191 1210 velut
1214 1186 1289 1210 rosa

181 1225 270 1266 Ergo
293 1225 393 1267 salve,
420 1234 439 1256 o
464 1225 565 1257 amice
866 1226 957 1257 Inter
981 1226 1090 1266 spinas
1115 1226 1184 1257 sine
1208 1226 1302 1265 spina

229 1274 318 1306 Iesse
341 1272 403 1305 Dei
428 1273 550 1314 inclite,
913 1272 960 1304 Et
983 1276 1020 1305 ut
1042 1273 1212 1312 pulchrum
1236 1272 1359 1313 lilium3

181 1321 243 1360 Qui
269 1319 388 1353 dedisti
414 1320 538 1360 virgam
561 1320 668 1359 talem,
869 1320 987 1353 Christi
1014 1320 1135 1353 dextris
1161 1328 1195 1352 es
1219 1321 1335 1362 locata,

181 1368 352 1409 Nunquam
366 1368 449 1401 vidit
460 1367 596 1400 mundus
611 1367 736 1409 qualem
867 1369 913 1402 Ut
937 1368 981 1399 sis
1006 1370 1118 1401 nostra
1142 1367 1300 1401 advocata

227 1416 297 1448 Nec
322 1416 448 1449 visurus
472 1415 619 1450 similem.
913 1414 1008 1448 Nunc
1030 1418 1063 1447 et
1086 1416 1121 1447 in
1145 1419 1345 1456 perpetuum.

121 1476 153 1509 3.
180 1473 231 1506 De
255 1482 318 1514 qua
343 1473 434 1514 virga
458 1471 518 1505 fios
543 1471 698 1514 ascendit,
809 1472 839 1506 7.
865 1473 916 1505 Tu
940 1481 973 1504 es
999 1475 1143 1505 nostrum
1168 1471 1326 1513 refugium

180 1520 278 1553 Cuius
303 1520 384 1553 odor
403 1529 467 1553 non
493 1520 635 1560 offendit,
864 1520 972 1560 Atque
996 1520 1118 1554 Christi
1143 1520 1299 1562 palatium

227 1568 293 1601 Sed
317 1568 413 1600 valde
437 1567 600 1608 laetificat,
910 1567 956 1601 Et
980 1569 1054 1600 aula
1077 1567 1271 1608 pudicitiae3

176 1615 291 1649 Dulcis
317 1624 393 1656 ergo
419 1615 486 1648 eius
512 1614 601 1656 odor,
863 1616 913 1647 Tu
936 1615 970 1647 in
994 1615 1058 1648 fine
1083 1616 1169 1649 vitae
1193 1624 1283 1648 meae

177 1663 291 1697 Dulcis
315 1673 425 1708 sapor,
450 1663 586 1704 pulcher
610 1663 709 1705 color,
862 1663 1007 1704 Dignare
1030 1672 1082 1695 me
1106 1662 1249 1706 visitare,

224 1711 282 1744 Nil
305 1711 340 1744 in
364 1711 484 1744 mundo
508 1711 684 1752 pulchrius.
910 1710 1082 1753 Indignum
1106 1713 1196 1744 tuum
1221 1711 1394 1745 servulum.

115 1771 148 1805 4.
173 1768 263 1811 Ergo
288 1769 388 1811 salve,
414 1778 432 1802 0
457 1768 574 1812 Maria,
806 1770 840 1803 8.
864 1770 913 1803 Ut
935 1768 983 1800 sic
1007 1771 1164 1801 terrorem
1189 1767 1329 1801 Satanae

174 1817 274 1858 Virgo
301 1817 439 1850 clemens
465 1819 498 1848 et
522 1816 670 1859 benigna,
862 1817 927 1849 Per
949 1819 981 1848 te
1006 1825 1119 1857 queam
1145 1817 1283 1849 evadere

221 1865 399 1906 Singularis
426 1864 564 1906 domina,
909 1864 1087 1897 Redeundo
1113 1865 1155 1897 ad
1181 1864 1331 1906 patriam,

172 1915 254 1954 Ave,
280 1916 386 1945 mater
408 1912 590 1952 benedicta,
862 1913 901 1946 In
927 1921 990 1952 qua
1014 1921 1141 1953 semper
1165 1921 1354 1952 permanere

175 1962 307 1997 Cunctis
331 1959 464 1993 floribus
489 1960 607 1993 amicta
860 1961 969 2001 Atque
994 1963 1098 1993 tecum
1124 1961 1327 2001 congaudere

221 2009 416 2050 Cunctisque
438 2007 625 2041 virtutibus.
910 2007 987 2041 Sine
1009 2009 1074 2041 fine
1098 2009 1234 2043 valeam.

173 2084 256 2115 Offio.
275 2084 371 2113 BMV.
391 2085 462 2120 imp.
483 2084 516 2112 in
538 2082 642 2112 Castro
662 2082 762 2112 Lauro
785 2079 869 2111 1503.

512 2176 574 2211 146.
605 2176 654 2209 Ad
674 2176 800 2209 beatam
819 2175 952 2209 Mariam
971 2176 1008 2208 V.

191 2250 299 2293 Salve,
324 2252 438 2283 sancta
459 2251 564 2283 mater
588 2248 661 2293 Dei,
883 2248 989 2281 Tuum
1013 2247 1173 2289 placando
1199 2246 1311 2282 filium.

188 2298 241 2333 Da
266 2298 413 2332 effectum
437 2307 527 2331 meae
552 2297 633 2338 spei,
884 2297 948 2330 Ora
974 2305 1092 2338 regem,
1117 2296 1193 2329 iube
1217 2297 1305 2334 nato,

188 2348 214 2381 O
239 2349 434 2381 maestorum
460 2346 665 2387 consolatrix,
880 2345 926 2379 Ut
949 2354 1000 2377 me
1025 2345 1159 2377 mundet
1182 2353 1202 2376 a
1224 2344 1371 2384 peccato,

188 2396 214 2430 O
238 2396 403 2439 lapsorum
426 2394 640 2437 sublevatrix‚
880 2393 911 2426 A
934 2396 1069 2437 peccato
1094 2390 1223 2432 actuali,

128 2447 160 2482 5.
187 2444 307 2479 Confer
331 2444 411 2478 mihi
436 2444 590 2477 auxilium
797 2443 852 2478 10.
879 2443 978 2484 Quem
1002 2440 1170 2475 mundavit
1194 2438 1342 2481 originali

1185 2492 1245 2523 13*
