1651 2700
739 167 974 202 -76-

656 262 705 293 48.
735 261 778 292 De
797 260 893 292 beata
913 258 1015 290 Maria
1031 258 1069 289 V.

223 345 254 378 1.
283 345 345 378 Cor
369 347 411 378 ad
435 345 537 377 instar
559 344 759 383 philomenae

279 392 429 425 Gaudens
455 394 539 423 amet
564 394 596 422 et
619 397 749 422 amoene

326 440 452 473 Laudet
475 441 606 470 matrem
633 435 769 475 Domini,

277 488 396 520 Sonent
420 494 513 520 voces
537 488 573 517 ut
596 485 731 524 sirenae,

279 535 486 566 Modulentur
511 535 543 564 et
562 538 693 563 serenae

325 581 456 614 Solvant
482 580 592 611 laudes
617 576 741 616 virgini.

219 649 250 681 2.
274 647 364 680 Haec
390 649 438 678 est
462 648 555 685 porta
579 642 731 684 paradisi,

276 695 339 727 Vas
365 693 501 734 virtutis,
528 701 583 723 vas
608 690 719 728 obrizi,

323 741 442 773 Manna
467 748 596 770 servans
623 737 784 779 caelicum,

273 788 362 820 Haec
387 793 436 819 est
459 795 534 818 arca
558 785 739 817 testamenti

276 834 472 867 Continentis
496 836 528 864 et
553 833 702 873 contenti,

320 882 445 922 Typum
472 889 583 921 gerens
608 882 787 922 mysticum.

215 950 246 983 3.
272 949 362 981 Haec
387 953 436 982 est
458 957 533 979 rosa
555 948 716 989 puritatis,

272 996 389 1028 Lilium
411 996 610 1032 humilitatis,

319 1044 488 1084 Epicinum
514 1044 645 1085 gratiae,

272 1091 361 1124 Haec
386 1094 434 1123 est
460 1090 560 1123 fomes
586 1090 739 1131 caritatis,

273 1138 360 1171 Fons
387 1143 418 1171 et
442 1138 528 1172 rivus
554 1138 712 1182 puritatis,

320 1187 509 1219 Antidotum
535 1186 656 1219 veniae.

902 339 934 371 4.
959 338 1049 372 Haec
1073 338 1122 369 est
1146 344 1268 367 summa
1292 333 1481 376 sanctitatis,

960 385 1087 417 Summo
1112 383 1215 423 gradu
1240 381 1405 424 dignitatis

1004 432 1111 464 Mater
1137 430 1221 470 regis
1247 429 1379 471 gloriae,

955 479 1046 512 Haec
1072 480 1120 511 est
1145 478 1240 510 decus
1266 476 1452 519 honestatis,

956 526 1037 559 Post
1062 527 1209 559 decorem
1236 525 1364 558 deitatis

1000 574 1107 606 Decor
1133 573 1213 605 caeli
1239 574 1354 605 curiae.

919 664 925 674 .
953 640 978 673 Ο
1004 640 1150 673 caelestis
1175 640 1370 680 philomena,

952 687 1108 729 Vernaus,
1135 697 1245 720 amans
1271 692 1303 720 et
1327 695 1461 720 amoena

1000 735 1119 768 Dilecti
1141 735 1336 777 phylacium,

954 784 978 816 O
1007 782 1152 824 paradisi
1176 784 1284 816 sirena

952 831 1063 863 Mente
1087 831 1254 863 modulans
1280 839 1395 863 serena

1001 879 1211 921 Seraphinum
1236 878 1404 920 gaudium!

920 973 926 979 .
954 947 1056 979 Stella
1079 946 1189 987 maris,
1218 947 1337 987 Maria,

955 995 1070 1027 Portus
1094 994 1184 1036 paris
1207 995 1326 1037 nescia,

1002 1042 1077 1074 Sola
1107 1050 1181 1081 spes
1204 1048 1280 1082 post
1302 1042 1414 1082 filium,

953 1090 1002 1122 Tu
1026 1088 1169 1122 transfer
1194 1091 1275 1122 duce
1299 1090 1404 1132 gratia

954 1137 1022 1170 Nos
1047 1138 1090 1170 ad
1113 1137 1209 1170 beata
1231 1139 1348 1178 gaudia

1004 1185 1084 1217 Post
1109 1186 1213 1217 carnis
1238 1187 1395 1220 exsilium.

278 1261 347 1289 0011.
372 1262 491 1289 Trecen.
519 1259 567 1295 (ol.
594 1258 798 1295 Claravallen).
826 1256 908 1288 1612.
936 1268 1012 1287 saec.
1040 1259 1083 1288 15.
1109 1275 1146 1280 —
1172 1258 1206 1296 3,
1228 1258 1246 1289 3
1271 1261 1448 1298 Epycinum.
1474 1277 1509 1281 -—

202 1298 228 1334 5,
251 1296 269 1327 3
288 1299 495 1335 phylorticum.
515 1315 552 1318 —
571 1299 633 1326 Der
651 1298 786 1335 Haltung
805 1298 881 1326 nach
901 1298 1053 1326 vielleicht
1072 1299 1215 1333 Sequenz.

610 1430 659 1462 49.
692 1429 738 1460 Ad
757 1430 884 1461 beatam
903 1429 1033 1461 Mariam
1054 1430 1090 1462 V.

216 1511 248 1544 1.
275 1510 354 1543 Cum
379 1509 525 1541 iubemur
550 1512 582 1541 et
605 1513 749 1542 tenemur

317 1557 420 1589 Deum
444 1556 478 1588 in
502 1558 620 1589 sanctis
644 1557 758 1600 colere,

271 1604 388 1637 Matris
399 1604 527 1637 laudem
537 1607 667 1644 praeter
676 1603 823 1637 fraudem

320 1652 387 1684 Nos
412 1652 504 1684 decet
528 1652 593 1684 eius
618 1653 737 1685 molere

272 1699 369 1731 Molis
395 1699 459 1731 oris
484 1699 605 1731 cunctis
630 1700 727 1741 horis,

320 1746 402 1778 Nam
419 1746 549 1778 laudum
566 1750 614 1779 est
628 1747 822 1789 dignissima,

275 1793 337 1825 Vas
362 1793 500 1834 honoris,
525 1792 583 1826 flos
608 1794 740 1836 pudoris

321 1841 366 1873 Et
388 1840 483 1873 stella
504 1842 709 1875 lucidissima.

217 1910 249 1942 2.
276 1907 300 1940 Ο
326 1908 440 1950 Maria,
466 1909 560 1950 pyxis
584 1910 639 1950 pia

318 1955 503 1995 Apothecae
528 1956 673 2000 caelicae,

274 2002 325 2034 Ex
350 2012 411 2043 qua
437 2003 490 2036 dia
513 2005 637 2038 theoria

324 2050 389 2083 Ceu
411 2050 490 2083 fecit
513 2053 674 2093 angelicae

276 2098 475 2130 Mellicatum
497 2099 705 2133 zinzibratum

322 2146 484 2178 Incarnati
507 2145 576 2188 filii,

278 2193 374 2226 Cuius
402 2193 487 2225 dosis
511 2194 583 2234 plus
610 2198 658 2228 est
680 2196 761 2228 rosis

322 2241 367 2273 Et
391 2240 532 2282 fraglans
557 2242 636 2274 odor
658 2243 729 2275 lilii.

216 2311 247 2343 3.
273 2308 322 2340 Tu
348 2308 455 2341 divina
479 2308 647 2350 medicina,

323 2357 421 2397 Virgo
446 2354 592 2396 benigna,
619 2356 769 2396 crederis,

277 2403 360 2436 Nam
384 2413 535 2445 syropum
561 2406 592 2436 et
615 2404 770 2445 hysopum

322 2452 405 2485 Novi
429 2451 590 2484 ministras
615 2451 764 2492 foederis,

955 1510 1141 1550 Apothecae
1165 1510 1233 1542 sine
1257 1509 1348 1544 faece

1002 1559 1066 1591 Vas
1089 1558 1260 1598 pulchrum
1285 1561 1354 1592 sine
1373 1561 1508 1602 macula,

953 1605 1006 1637 Da
1030 1606 1185 1638 claretum
1211 1608 1302 1639 cordi
1325 1607 1426 1640 letum

1000 1653 1127 1686 Livoris
1152 1654 1273 1694 absque
1298 1654 1415 1691 facula.

918 1744 927 1752 .
952 1720 1002 1752 Tu
1026 1721 1195 1761 languores
1222 1725 1254 1754 et
1279 1732 1405 1756 errores

997 1767 1110 1810 Aufer,
1138 1770 1354 1815 apothecaria,

952 1816 1006 1848 Ad
1028 1816 1223 1849 medendum
1247 1822 1281 1850 et
1305 1820 1477 1852 delendum

998 1864 1067 1896 Hos
1093 1864 1142 1897 fer
1167 1866 1351 1908 electuaria,

952 1912 1194 1952 Unguentorum
1218 1916 1435 1949 sanandorum

998 1960 1061 1992 Vas
1087 1962 1187 2003 aperi,
1212 1963 1351 2003 cellaria,

950 2009 1164 2048 Aegrotorum
1190 2010 1377 2045 devotorum

997 2056 1044 2089 Ut
1069 2060 1198 2090 curetur
1220 2059 1371 2101 lipparia.

893 2123 924 2157 5.
949 2123 1016 2156 Nos
1040 2123 1173 2156 inflexat
1197 2129 1228 2157 et
1251 2127 1383 2162 invexat

998 2171 1138 2204 Febrilis
1163 2174 1394 2219 castrimargia,

952 2218 1137 2260 Apoplexat
1159 2222 1191 2251 et
1216 2227 1373 2256 convexat

1002 2266 1188 2306 Corporalis
1211 2268 1359 2313 letargia,

955 2313 1023 2346 Hos
1049 2314 1170 2354 rigores
1196 2318 1228 2347 et
1251 2320 1406 2353 tremores

1002 2361 1159 2393 Rosarum
1186 2366 1415 2401 encathismate

953 2408 1057 2449 Molli,
1081 2408 1168 2440 mitis
1193 2411 1293 2454 virgo,
1319 2415 1396 2459 litis,

1000 2455 1068 2488 Nos
1094 2457 1127 2487 et
1150 2456 1190 2489 ab
1216 2462 1303 2493 omni
1326 2463 1508 2505 schismate.
