1651 2700
627 124 862 160 ,79-

400 222 431 256 3.
458 222 532 262 Gur,
557 222 675 266 regina,
708 223 803 256 caelis
827 221 1012 264 praesideas

454 270 588 304 Assueri
610 270 719 303 iuncta
740 270 884 311 coniugio

455 319 499 351 Et
523 322 679 351 terrarum
704 319 776 351 iura
799 318 965 358 possideas

458 368 653 407 Angelorum
677 366 785 399 iuncta
811 365 966 406 collegio?

457 414 502 456 Si,
528 413 647 455 regina,
672 415 774 446 nostri
796 423 859 447 non
883 422 986 456 egeas,

455 461 539 493 Dum
564 461 664 502 regali
689 462 782 494 sedes
806 462 839 493 in
865 462 955 501 solio,

456 509 503 541 Te
527 512 705 550 promotam
729 519 789 549 pro
812 508 904 541 nobis
930 509 1049 550 videas,

456 557 516 596 Qui
540 566 693 589 vexamur
716 557 748 588 in
773 558 834 589 hoe
858 557 980 590 exsilio.

401 634 432 667 4.
460 633 485 665 O
510 632 625 675 Maria,
654 633 785 665 clientes
811 633 936 673 respice

456 681 499 712 Et
524 683 678 721 supporta
702 688 872 721 gravamen
898 681 1012 721 oneris,

454 728 549 759 Felix
573 730 686 769 mater,
712 731 859 770 suggesto
884 728 990 761 iudice

455 775 533 807 Tuis
558 775 642 807 natis
666 784 818 808 succurre
842 776 984 817 miseris3

456 822 598 865 Semper,
624 822 725 864 virgo,
751 831 809 855 nos
835 826 939 855 castos
965 823 1057 856 effice

456 871 536 902 Tela
560 870 711 910 frangens
736 871 893 911 serpentis
919 872 1036 904 veteris

456 918 508 957 Et,
536 918 709 961 regnatrix,
736 928 793 950 nos
819 920 889 950 tuos
915 918 1010 951 refice

454 965 549 997 Dulei
574 963 691 1008 fructu,
717 975 778 1006 quo
805 966 906 998 dulcis
929 965 1056 998 frueris.

189 1050 261 1079 Glm.
284 1052 437 1079 Monacen.
456 1049 506 1085 (ol.
526 1049 751 1086 Emmeramen.)
772 1048 881 1079 14:343.
901 1059 978 1079 saee.
1001 1048 1045 1078 14.

564 1200 606 1233 51.
635 1201 677 1232 De
695 1201 794 1233 beata
812 1200 913 1232 Maria
933 1200 969 1232 V.

129 1292 161 1325 1.
188 1291 239 1323 De
268 1291 393 1332 spineto
418 1294 494 1323 nata
518 1300 601 1330 rosa,
815 1292 847 1323 3.
873 1291 984 1323 Aaron
1009 1290 1099 1330 virga
1124 1293 1157 1322 tu
1183 1290 1281 1330 fuisti,

188 1338 295 1371 Arbor
320 1339 406 1371 vitae
429 1338 583 1378 speciosa,
873 1337 1011 1382 Florem,
1039 1336 1177 1370 fructum
1202 1338 1365 1378 protulisti

236 1387 318 1427 Ave,
344 1386 440 1427 plena
463 1386 576 1428 gratia,
921 1385 1084 1426 Stupendo
1106 1386 1268 1428 m1racu10‚

189 1433 256 1466 Nos
281 1435 323 1466 ad
349 1434 451 1466 lucem
476 1443 571 1466 verae
595 1435 675 1466 lucis
872 1432 974 1466 Deum
1002 1433 1089 1474 paris
1113 1433 1240 1466 illibata

188 1481 304 1521 Levas,
331 1481 431 1514 trahis
457 1484 489 1513 et
511 1482 660 1522 perducis
873 1481 951 1513 Post
975 1484 1007 1513 et
1028 1483 1102 1513 ante
1126 1481 1268 1522 sigillata

234 1530 363 1562 Dueens
387 1529 441 1561 via
465 1529 562 1570 regia.
921 1529 995 1561 Veri
1021 1528 1105 1569 regis
1132 1530 1259 1563 annulo.

128 1608 160 1639 2.
188 1602 347 1646 Speeialis
373 1605 557 1649 eminenter,
813 1607 845 1639 4.
869 1605 966 1646 Ergo,
993 1606 1083 1646 virgo
1109 1608 1172 1637 tam
1198 1605 1302 1647 beata,

188 1652 366 1694 Singularis
393 1653 588 1686 excellenter
872 1654 985 1686 Multis
1010 1653 1108 1694 sigm's
1132 1656 1398 1695 praemonstrata.

234 1701 366 1734 Emines
397 1701 580 1741 virtutibus,
919 1701 1021 1734 Nobis
1045 1701 1089 1734 sis
1114 1703 1267 1742 propitia,

188 1747 266 1781 Flos
301 1751 333 1781 et
358 1750 465 1781 lumen
491 1759 523 1782 es
549 1755 741 1792 sauctorum,
873 1748 976 1782 Aufer
998 1751 1062 1783 iras
1089 1752 1121 1781 et
1145 1751 1283 1791 dolores,

188 1796 253 1830 Sed
278 1801 311 1830 et
334 1798 406 1830 luce
429 1798 613 1839 angelorum
872 1798 998 1830 Mentes
1024 1796 1109 1840 fove,
1136 1797 1240 1830 forma
1263 1807 1368 1830 mores

235 1845 418 1877 Praemines
445 1846 621 1879 ordinibus
919 1845 1053 1878 Pietatis
1078 1846 1191 1887 gratia.

470 1924 501 1957 5.
527 1923 605 1956 Piae
629 1922 741 1954 matris
764 1924 819 1963 pia
843 1922 961 1962 proles,

529 1971 592 2004 Hio
616 1973 761 2011 purgato,
788 1970 914 2011 quando
941 1971 1038 2010 voles,

577 2017 716 2051 Tranfer
739 2028 797 2051 nos
820 2018 861 2050 ad
887 2028 1013 2060 supera,

529 2067 607 2100 Piae
631 2066 743 2098 matris
768 2067 823 2107 pia
846 2075 943 2106 prece

528 2115 577 2147 Tu
600 2123 657 2146 nos
684 2124 704 2146 a
729 2114 870 2147 secunda
893 2124 982 2156 nece,

575 2162 635 2195 Pie
659 2163 743 2203 Iesu,
769 2162 883 2197 libera.

190 2247 270 2275 Orat.
302 2257 353 2276 ms.
380 2247 494 2275 Domus
519 2248 623 2276 Novae
647 2247 737 2275 Lucis
768 2248 838 2276 anni
871 2246 953 2276 1477.
1000 2249 1070 2279 Cod.
1097 2249 1281 2278 Ultraieetin.
1308 2247 1425 2284 Seriptt.

110 2286 192 2315 Eoel.
220 2283 292 2321 375,
321 2295 359 2314 an
386 2287 459 2314 zwei
483 2286 595 2314 Stellen
617 2286 643 2313 A
663 2295 683 2313 u
712 2286 746 2314 B.
773 2302 811 2306 —
838 2283 863 2321 1,
886 2284 901 2314 1
921 2287 996 2316 Vale
1016 2287 1053 2316 tle
1073 2289 1188 2324 spineto
1208 2289 1280 2315 nata
1299 2294 1368 2314 rosa
1385 2286 1423 2313 Λ·

112 2325 187 2354 Vale
213 2326 297 2362 virgo
327 2326 399 2353 nata
425 2334 494 2353 rosa
514 2325 547 2352 B.
575 2339 612 2344 -
642 2322 672 2359 1,
693 2322 711 2351 2
730 2324 827 2353 Arbor
845 2325 919 2353 fehlt
937 2325 973 2354 A.
994 2341 1031 2346 ——
1053 2323 1077 2359 1,
1098 2323 1116 2354 3
1137 2326 1212 2354 Vale
1228 2324 1317 2362 plena
1336 2325 1369 2353 B.
1389 2339 1428 2345 -—-

111 2362 143 2399 3,
163 2361 183 2391 4
210 2365 291 2398 paris
312 2365 375 2392 eius
401 2366 474 2392 nata
492 2364 528 2391 A.
555 2377 593 2383 —-
617 2361 649 2397 4,
670 2361 689 2391 4
720 2366 750 2392 et
773 2363 931 2400 languores
952 2365 984 2392 13.
1012 2379 1049 2384 —-
1072 2363 1104 2398 4,
1125 2363 1142 2392 5
1164 2365 1293 2392 Mentem
1318 2363 1428 2392 munda.

112 2403 206 2431 forma
226 2403 259 2430 B.
282 2418 320 2423 —
340 2401 366 2437 5,
387 2400 408 2430 4
423 2404 526 2431 matris
547 2402 621 2431 fehlt
640 2403 674 2430 A.
696 2418 733 2423 ——
754 2401 913 2431 Vielleicht
934 2402 1075 2441 Sequenz.
