1651 2700
201 252 256 284 23.

200 647 255 679 24.

199 1041 255 1073 25.

200 1437 255 1470 26.

210 2020 241 2053 1.

712 148 967 183 -138—

282 250 388 283 Mater
413 248 540 288 Christi,

330 299 384 337 qui
409 300 456 328 est
480 294 676 333 benedictus,

283 345 420 376 Vincens
443 344 577 381 hostem,

330 392 383 431 qui
409 393 457 422 est
479 388 679 423 maledictuS,

281 439 350 479 Ego
375 444 507 479 pauper,

330 486 439 517 dolens
465 485 495 515 et
520 479 668 514 adflictus

281 533 335 565 Ad
358 536 393 564 te
416 538 519 569 curro,

327 588 368 611 ne
392 579 451 609 sim
477 575 657 608 derelictus.

280 645 420 678 Mundus
446 642 527 674 enim

328 691 440 730 plenus
466 692 512 721 est
538 686 698 727 figmentis

281 739 325 771 Et
349 737 516 769 fraudibus

329 784 454 824 antiqui
476 781 647 824 serpentis,

280 832 326 864 Et
349 832 422 863 ideo

327 887 386 910 nos
410 878 472 917 piis
494 877 643 908 lamentis

280 927 327 958 Te
350 933 506 967 rogamus,

329 976 365 1004 ut
391 973 446 1004 des
471 980 581 1014 pacem
607 970 732 1004 mentis.

280 1038 388 1071 Mater
409 1037 483 1081 Dei,

330 1087 384 1126 qui
410 1085 515 1125 diligit
538 1086 649 1125 iustos,

283 1133 343 1172 Qui
367 1133 472 1172 arguit

332 1184 364 1211 et
388 1180 523 1220 castigat
547 1179 671 1219 stultos,

282 1227 425 1260 Absolve
447 1235 505 1258 nos

330 1274 471 1314 peccatis
496 1275 627 1305 onustos

281 1323 324 1354 Et
354 1330 476 1360 semper
500 1321 544 1351 sis

328 1368 434 1409 gregis
460 1367 580 1400 Christi
605 1369 721 1399 eustos.

281 1435 389 1467 Mater
411 1434 476 1473 pia,

331 1490 404 1521 spes
429 1480 642 1524 morientium,

284 1529 491 1562 Consolamen

330 1576 384 1615 pie
408 1575 593 1614 viventium,

284 1624 337 1656 Da
359 1623 495 1654 servulis

335 1671 471 1701 caeleste
494 1669 681 1710 praemium,

288 1717 379 1756 Quod
405 1720 451 1747 est
478 1716 566 1756 quies

336 1766 368 1794 et
390 1773 456 1804 pax
479 1766 509 1795 et
534 1764 693 1803 gaudium.

276 1827 346 1856 Cod.
367 1828 509 1856 Parisien.
531 1824 615 1856 3639.
635 1836 711 1856 saec.
732 1825 807 1857 1⁵16.

880 243 936 276 27.

882 639 937 672 28.

882 1036 939 1070 29.

884 1434 939 1468 30.

961 241 1070 275 Mater
1095 240 1186 272 ducis

1009 295 1086 319 vere
1109 286 1281 319 iudicantis

961 335 1004 368 Et
1031 336 1203 366 clementer

1009 385 1142 422 peccata
1173 381 1332 421 donantis,

960 429 1119 462 Miserere

1009 476 1114 516 plebis
1135 484 1220 508 nuno
1243 475 1391 513 errantis,

962 525 993 556 A
1016 524 1130 555 semita

1008 571 1105 603 nimis
1132 570 1300 603 deviantis.

962 637 1071 670 Mater
1097 636 1227 679 Christi,

1010 685 1063 724 qui
1090 685 1147 716 dat
1169 693 1280 716 verum
1305 686 1425 723 potum,

964 732 1025 771 Qui
1048 732 1197 772 spiritum

1012 782 1045 811 et
1068 788 1123 811 eor
1149 779 1208 810 dat
1231 778 1393 817 devotum,

963 827 1040 867 Fac,
1069 829 1106 858 ut
1129 826 1225 866 digne

1011 875 1148 907 reddam
1173 874 1236 906 sibi
1258 876 1379 913 votum,

965 923 1067 954 Immo
1092 930 1218 962 corpus,

1012 972 1151 1002 mentem
1177 972 1208 1000 et
1233 977 1284 1000 me
1308 971 1420 999 totum.

962 1035 1071 1067 Mater
1095 1039 1210 1075 potens

1011 1083 1170 1122 plenaque
1198 1081 1326 1123 gaudio,

967 1130 1172 1163 Circumdata

1013 1177 1094 1210 caeli
1125 1177 1269 1217 collegio,

966 1224 1034 1257 Nos
1059 1225 1185 1264 respice

1012 1273 1102 1304 vultu
1126 1271 1279 1312 propitio,

965 1319 1142 1360 Multiplici

1015 1366 1156 1408 repletos
1180 1366 1301 1399 taedio.

965 1432 1057 1466 Mitis
1081 1436 1195 1473 mater,

1015 1481 1145 1513 auribus
1169 1480 1312 1523 percipe,

966 1526 1072 1560 Voces
1096 1533 1224 1560 nostras

1017 1576 1191 1609 elementer
1214 1576 1353 1616 suscipe,

970 1625 1000 1654 A
1023 1624 1187 1656 mundana

1015 1673 1108 1710 peste
1132 1680 1189 1703 nos
1215 1671 1305 1712 eripe

969 1718 1014 1750 Et
1037 1727 1096 1751 nos
1120 1723 1226 1751 tecum

1017 1766 1050 1797 in
1075 1764 1138 1798 fine
1162 1767 1282 1807 recipe.

647 1950 692 1982 93.
725 1952 766 1982 De
786 1952 883 1983 beata.
901 1952 1003 1983 Maria
1021 1952 1057 1983 V.

267 2020 374 2051 Mater
399 2019 459 2051 Dei
484 2020 631 2061 gloriosa,

269 2067 372 2107 Super
396 2076 503 2099 omnes
527 2068 681 2110 speciosa,

264 2114 361 2153 Virgo
387 2114 492 2146 nitens
518 2117 550 2145 et
573 2113 722 2157 formosa,

267 2160 321 2192 Sic
344 2160 484 2200 refulges
512 2162 597 2193 velut
620 2172 703 2195 rosa.

890 2025 921 2058 2.

947 2023 1034 2055 Rosa
1057 2022 1171 2055 florum
1195 2025 1357 2066 redimita,

948 2069 1095 2103 Pretiosa
1118 2073 1304 2114 margarita,

948 2118 1026 2151 Orta
1053 2120 1094 2151 de
1117 2122 1150 2151 te
1174 2123 1286 2152 nostra
1311 2121 1390 2161 vita,

946 2166 1036 2198 Mors
1061 2175 1120 2207 per
1145 2176 1215 2200 eam
1240 2172 1291 2200 est
1313 2169 1435 2201 attrita.

549 2218 581 2251 3.
608 2218 749 2260 Caelum,
774 2222 864 2252 terra
887 2225 983 2261 atque
1005 2232 1096 2255 mare

608 2265 656 2297 Te
680 2275 742 2298 non
768 2271 894 2300 cessant
918 2270 1113 2312 collaudare,

607 2312 698 2343 Inter
722 2323 802 2353 quae
828 2318 859 2346 et
883 2324 934 2347 me
960 2317 1092 2358 dignare

606 2358 734 2392 Laudes
764 2364 834 2393 tuas
859 2372 1019 2397 resonare.

275 2425 346 2453 Cod.
365 2426 486 2453 Trecen.
506 2422 555 2457 (01.
577 2422 787 2459 Claravallen.)
806 2434 882 2454 saec.
906 2426 949 2455 15.
