1651 2700
712 176 754 181 —
808 155 970 191 132-

207 256 263 289 58.
288 255 403 299 Maria,
431 254 519 288 cuius
544 253 687 287 omnibus
884 251 940 284 59.
966 249 1081 289 Maria,
1107 257 1147 279 ne
1171 246 1356 301 permiseris
1402 294 1409 301 ·

336 302 397 336 Est
420 304 547 343 praesto
574 299 795 341 patrocinium,
1013 296 1081 328 Nos
1107 303 1177 327 esse
1200 304 1284 327 viros
1301 302 1500 335 sangumum,

289 350 365 382 Tuis
391 349 585 381 orationibus
968 344 1051 382 Quos
1077 342 1204 383 sanguis
1231 341 1352 374 Christi
1376 340 1488 374 lateris

336 397 500 429 Placatum
525 394 625 427 redde
648 392 748 425 filium
1013 389 1109 422 Lavit
1133 399 1152 421 a
1175 388 1249 422 labe
1275 388 1452 428 criminum,

290 442 390 476 Nobis
415 446 448 475 te
474 439 728 482 deprecantibus,
968 437 1146 476 Quinimmo
1170 437 1271 468 iuncti
1295 436 1420 475 superis

334 490 395 523 Est
419 490 469 521 cui
493 489 553 521 soli
576 487 741 529 proprium
1013 485 1060 516 Te
1084 492 1263 516 mereamur
1287 483 1459 516 Dominum

286 538 346 570 His
369 537 511 569 invocari
534 534 683 568 vocibus:
966 531 1073 573 Sequi,
1104 540 1291 571 quoeunque
1313 531 1402 570 ieris,

332 586 446 623 Iesu,
465 583 711 620 redemptor
733 589 811 612 om·
1011 579 1116 620 Iesu,
1136 587 1280 611 corona
1295 578 1500 618 virginum.

586 637 706 663 n1um.

274 705 342 733 Cod.
362 704 526 732 Londinen.
547 704 619 738 Reg.
647 702 664 730 7
687 703 712 730 A
733 703 783 730 VI.
814 709 890 731 saec.
911 700 988 732 ¹4li5.
1009 716 1045 721 —
1067 699 1093 735 3,
1117 699 1134 729 6
1155 701 1354 729 celsithronat.
1375 715 1413 719 —
1434 698 1460 735 5,
1484 699 1502 728 6

193 744 249 778 Qui
278 751 313 770 ex
339 751 396 770 ore.
417 756 453 760 ——
474 739 525 775 24,
549 740 565 768 7
586 740 711 777 pulchra
730 740 867 777 caligine.
887 755 925 759 —
945 739 990 773 27,
1011 737 1029 768 3
1049 741 1091 768 Et
1109 739 1335 775 particulariter.
1357 753 1394 757 —-—
1415 737 1461 774 30,
1483 737 1501 766 2

192 780 268 817 quotl
288 779 420 816 sepelies.
498 777 544 813 34,
566 778 583 807 5
603 778 689 812 Quod
712 779 751 806 iri
769 779 826 806 fac.
849 792 886 797 —
906 776 952 813 37,
972 775 991 804 2
1010 778 1056 805 Ad
1076 780 1106 805 te
1124 778 1216 806 Deus.
1231 791 1268 796 —
1285 775 1331 812 37,
1346 776 1364 804 7
1384 777 1431 805 Ad
1451 777 1502 805 ob-

196 818 378 847 servandum.
399 833 434 837 —
456 815 501 851 38,
523 817 540 844 7
561 819 685 854 signum.
706 831 744 836 -—
763 815 808 851 47,
832 814 847 844 1
870 816 935 844 sola
954 818 1096 854 genetrix.
1116 830 1154 835 —
1174 814 1221 849 47,
1242 813 1259 843 5
1282 814 1396 843 auditu.

642 927 690 959 89.
720 927 764 958 De
783 925 878 959 beata
897 926 1000 959 Maria
1018 927 1055 958 V.

205 1009 238 1042 1.
262 1007 379 1045 Maria,
404 1010 437 1038 te
461 1007 649 1046 suppliciter
888 1007 921 1040 4.
946 1006 1000 1038 Ad
1025 1008 1058 1038 te
1083 1006 1201 1038 clamat
1221 1006 1342 1046 inopia,

308 1055 383 1086 Mea
407 1055 523 1086 salutat
548 1053 702 1097 parvitas,
994 1053 1044 1085 Sis
1069 1053 1123 1093 pia
1154 1053 1261 1086 datrix
1285 1062 1462 1094 munerum,

263 1103 370 1134 Mater
394 1101 641 1139 misericordiae,
944 1100 1011 1133 Nos
1044 1103 1167 1133 coartat
1190 1101 1328 1144 miseria,

309 1148 441 1181 Reddas
469 1156 600 1180 coronas
623 1148 778 1187 perditas.
992 1147 1043 1180 Sis
1069 1148 1264 1181 consolatrix
1289 1158 1479 1190 pauperum.

208 1218 239 1249 2.
265 1214 311 1247 Ut
335 1215 490 1247 laetemur
515 1213 662 1257 feliciter,
887 1215 918 1247 5.
947 1213 1057 1254 Cupio,
1084 1217 1198 1254 mater,
1226 1223 1358 1247 cernere

311 1261 377 1294 Ubi
402 1261 505 1293 dulcis
528 1262 720 1301 iucunditas,
991 1262 1054 1293 Tui
1076 1262 1260 1301 splendoris
1285 1264 1437 1307 speciem,

262 1309 441 1349 Regnemus
467 1308 681 1349 aeternaliter,
943 1308 1097 1341 Feliciter
1122 1310 1286 1349 quiescere

310 1355 376 1389 Ubi
400 1356 481 1396 iugis
504 1356 709 1388 sollemnitas.
991 1356 1069 1389 Post
1085 1357 1262 1390 timendum
1275 1358 1388 1391 mortis
1404 1360 1499 1391 diem.

205 1425 238 1456 3.
263 1423 328 1455 Per
352 1425 383 1453 te
410 1423 544 1454 donetur
567 1422 670 1464 venia,
886 1424 918 1456 6.
944 1421 1013 1454 Fac
1037 1433 1087 1455 me
1112 1432 1237 1456 sursum
1266 1425 1443 1458 ascendere

313 1469 363 1501 Sis
389 1469 549 1509 expiatrix
574 1469 739 1511 scelerum,
991 1470 1045 1502 Ad
1077 1471 1166 1502 illam
1195 1471 1322 1504 dulcem
1348 1474 1501 1513 requiem,

265 1517 416 1557 Sopiatur
442 1517 612 1556 discordia,
944 1518 1078 1550 Dulcem
1103 1519 1210 1551 Iesum
1234 1521 1398 1560 respicere

310 1563 360 1595 Sis
385 1562 589 1596 reformatrix
613 1563 787 1597 foederum.
991 1565 1036 1597 Et
1061 1566 1127 1597 eius
1152 1568 1275 1607 gratam
1302 1567 1428 1602 faciem.

192 1676 218 1703 E
253 1636 352 1702 1Οέἓὲ
379 1646 433 1665 ms.
459 1638 573 1665 Domus
598 1638 702 1666 Novae
725 1637 816 1665 Lucis
844 1639 915 1666 anni
943 1637 1026 1667 1477.
1076 1639 1145 1668 Ood.
1171 1641 1360 1670 mtraiecffin.
1382 1643 1503 1681 Scriptt.

221 1683 272 1703 00.
351 1695 357 1702 .

611 1784 659 1816 90.
688 1784 733 1817 Ad
753 1785 880 1818 beatam
899 1786 1032 1820 Mariam
1051 1789 1087 1820 V.

209 1864 240 1898 1,
265 1862 379 1906 Maria,
406 1864 495 1905 virgo
520 1865 584 1907 pia,
889 1868 923 1903 4,
947 1868 1048 1901 Eram
1070 1870 1161 1911 quasi
1184 1870 1369 1904 submersus

313 1910 365 1943 Du
390 1911 459 1944 hast
482 1911 638 1951 geholffen
663 1913 725 1945 mir
996 1916 1034 1949 In
1060 1920 1204 1958 mangem
1231 1918 1367 1952 kumber
1391 1919 1491 1961 grosZ,

264 1957 327 1989 Per
351 1967 448 1997 aquas
475 1961 507 1991 et
529 1959 563 1991 in
586 1959 647 2001 via,
947 1964 1012 1996 Per
1036 1967 1069 1997 te
1092 1963 1138 1997 fui
1163 1975 1322 2009 reversus,

315 2004 384 2037 Lob
410 2005 502 2048 lagen
527 2007 578 2039 wil
602 2008 654 2039 ich
680 2009 741 2043 dir.
994 2011 1096 2045 Diner
1120 2012 1184 2045 hilf
1205 2014 1258 2046 1011
1284 2015 1341 2048 dik
1365 2016 1487 2056 genosZ.

206 2072 238 2104 2.
264 2070 348 2102 Tuas
373 2071 467 2104 horas
493 2074 681 2113 complendo
890 2078 922 2110 5.
948 2078 1072 2118 Regina
1097 2080 1218 2112 custrix
1243 2082 1319 2123 poli,

312 2118 372 2150 Ich
397 2118 454 2149 dik
476 2119 633 2153 versumet
655 2122 729 2162 han,
993 2126 1052 2157 lch
1076 2127 1236 2166 emphilch
1261 2129 1348 2162 mich
1374 2130 1434 2175 dir,

265 2165 349 2205 Quas
373 2164 512 2198 breviter
538 2169 680 2209 emendo,
946 2173 1139 2214 Relinquere
1162 2184 1214 2207 me
1238 2176 1316 2217 noli,

310 2212 378 2245 Das
403 2213 455 2245 wil
479 2213 531 2245 1011
555 2215 603 2247 nit
627 2216 730 2250 enlan.
993 2220 1077 2252 Wan
1101 2221 1154 2252 ich
1178 2222 1229 2254 wil
1255 2223 1370 2257 dienen
1398 2226 1459 2259 dir.

206 2282 237 2313 3.
263 2279 372 2321 Virgo,
402 2280 490 2311 tuum
513 2279 657 2312 levamen
888 2287 918 2319 6.
946 2286 1028 2319 Dele
1051 2290 1186 2326 peccata
1209 2297 1289 2329 mea,

308 2327 379 2359 Min
403 2326 497 2359 leben
521 2328 577 2360 hat
601 2328 704 2370 erlost‚
993 2333 1102 2366 Muter
1141 2335 1199 2367 der
1221 2336 1494 2374 barmherczikait

264 2374 491 2407 Dulcissimum
515 2375 666 2416 solamen,
948 2381 1104 2413 Columba
1127 2383 1283 2425 turturea,
1496 2368 1504 2385 ⁷

312 2423 382 2455 Min
407 2422 487 2455 aller
511 2422 639 2462 liepster
662 2424 751 2459 trost.
999 2428 1165 2461 Verswend
1190 2431 1233 2463 du
1257 2433 1319 2466 mir
1338 2434 1405 2466 min
1423 2436 1503 2470 laid.
