1651 2700
657 130 918 166 —193—

278 224 334 259 10.
361 225 509 259 Clemens
533 236 641 269 posce,
666 228 731 270 pia,
757 237 776 260 0
803 228 986 261 dulcissima
1010 230 1099 271 virgo
1123 229 1240 263 Maria.

361 272 419 306 Me
443 282 518 314 rege
543 275 701 308 viventem
726 284 797 317 nec,
822 277 921 321 virgo,
948 277 1033 309 sinas
1056 277 1254 319 morientem,

360 319 456 362 Offer,
481 325 585 354 mater
609 323 680 366 Dei,
706 332 758 356 me
781 327 956 364 perpetuae
977 324 1108 365 requiei,

359 369 408 400 Tu
433 377 505 401 mea
529 369 673 404 facinora
702 374 829 404 avertas
853 381 959 413 prece,
985 373 1074 413 virgo
1098 372 1214 405 Maria.

209 431 282 459 Cod.
306 433 336 461 S.
357 433 491 462 Floriani
511 435 555 463 XI
576 433 639 463 196.
658 445 736 465 saec.
760 434 804 464 16.
826 451 862 455 —-
883 438 1081 474 Bearbeitung
1101 437 1151 465 des
1173 438 1303 474 vorigen.

477 534 541 567 143.
574 535 682 568 Oratio
703 535 744 568 ad
764 536 893 568 beatam
912 537 1045 569 Mariam
1065 537 1100 569 V.

169 628 177 635 .
204 602 310 646 Salve,
336 603 448 646 regina
472 605 621 649 omnium,

203 651 302 692 Virgo
327 654 441 692 mater,
468 655 542 692 post
563 652 674 694 filium,

204 699 310 742 Salve,
339 699 485 732 caelestis
507 700 603 732 ianua

203 746 398 780 Errantibus
424 748 458 778 tu
482 748 603 787 patula.

165 838 173 846 .
201 813 306 854 Salve,
333 817 369 845 tu
392 812 454 844 Dei
479 814 635 854 genetrix,

201 861 411 893 Invocantum
437 862 469 891 te
493 861 646 903 adiutrix,

199 908 269 940 Tuo
292 908 453 949 processit
475 910 567 940 utero

199 956 376 997 Tamquam
395 964 531 995 sponsus
551 956 591 988 de
608 956 758 998 thalamo,

165 1048 173 1057 .
200 1023 260 1062 Qui
285 1032 343 1056 nos
369 1022 456 1055 venit
481 1022 650 1064 redimere,

200 1070 358 1102 Mundum
386 1069 534 1109 dignatus
560 1070 673 1104 visere.

202 1117 247 1149 Et
272 1118 347 1157 quia
371 1117 471 1149 moles
497 1117 664 1149 criminum

200 1165 256 1197 Me
281 1165 376 1197 nimis
406 1162 484 1195 fecit
508 1164 669 1204 miserum,

164 1258 173 1267 .
200 1232 255 1264 Ad
279 1234 312 1264 te
337 1232 438 1264 solam
464 1230 621 1276 confugio,

200 1280 304 1312 Tuum
328 1280 471 1312 solamen
497 1277 617 1320 flagito,

200 1328 313 1360 Pande
337 1326 416 1359 mihi
440 1326 658 1359 dulcissimum

199 1375 336 1407 Pietatis
362 1374 547 1407 sacrarium.

165 1468 172 1475 .
199 1442 337 1475 Pateant
361 1449 455 1474 aures
480 1442 555 1472 tuae
578 1441 653 1481 piae

199 1489 289 1521 Votis
314 1496 404 1521 meae
429 1488 603 1531 angustiae,

196 1537 339 1577 Appella
362 1545 423 1577 pro
447 1544 499 1567 me
522 1535 634 1577 filium,

196 1584 317 1616 Filium
340 1583 469 1624 Deique
491 1585 592 1625 tuum,

161 1677 168 1685 .
195 1651 241 1685 Ut
265 1652 344 1683 mihi
370 1650 414 1684 sit
437 1650 608 1692 propitius,

194 1699 254 1739 Qui
279 1702 312 1731 te
338 1707 458 1740 quaero
475 1707 556 1738 prae
572 1699 729 1733 omnibus.

195 1747 271 1789 Sed,
298 1750 334 1780 tu
359 1746 443 1788 quod
468 1755 532 1778 non
557 1746 617 1788 vis,
643 1747 750 1791 diligo,

194 1795 393 1839 Castitatem,
421 1794 493 1838 heu,
521 1792 633 1835 fugito.

159 1889 166 1896 .
193 1862 356 1903 Periurus,
383 1861 531 1903 mendax,
557 1861 697 1904 invidus,

191 1910 384 1943 Illicitorum
408 1909 554 1950 cupidus,

192 1959 248 1992 Ira
273 1957 414 1990 fremens
441 1959 473 1988 et
498 1956 571 1989 odio

192 2006 238 2039 Et
261 2015 390 2047 semper
415 2004 548 2037 studens
574 2005 647 2045 otio,

156 2098 163 2106 .
191 2073 275 2113 Quid
302 2074 407 2106 dicam
432 2074 508 2105 ante
530 2072 669 2104 iudicem

189 2122 307 2163 Caelis,
333 2121 430 2154 terris
456 2120 645 2163 terribilem,

188 2170 248 2209 Qui
274 2172 395 2202 statuet
418 2168 572 2200 iudicium

185 2218 231 2251 Et
253 2216 412 2251 iudicabit
437 2216 627 2250 saeculum?

856 608 887 639 9.

832 816 888 849 10.

831 1023 884 1055 11.

829 1232 885 1265 12.

827 1442 882 1475 13.

826 1652 880 1685 14.

825 1862 880 1895 15.

823 2073 878 2106 16.

915 607 979 640 Sed
1004 610 1048 650 tu,
1076 616 1094 639 o
1120 607 1181 639 Dei
1205 608 1361 650 genetrix,

913 655 1011 695 Virgo
1038 664 1071 687 es
1095 654 1277 697 ineffabilis,

913 702 961 733 Te
985 711 1075 742 spem
1099 711 1202 735 meam
1228 702 1395 746 constituo,

911 749 967 780 Me
991 750 1051 781 tibi
1075 758 1202 782 servum
1228 750 1336 784 offero.

913 816 998 848 Fide
1020 819 1077 849 tua
1101 825 1151 847 me
1176 817 1311 860 suscipe,

911 863 995 895 Nato
1021 866 1075 896 tuo
1101 864 1244 905 restitue,

910 910 988 942 Mea
1012 911 1177 951 peccatrix
1202 912 1309 943 anima

912 957 962 989 Ne
987 959 1030 989 sit
1054 959 1087 990 in
1113 957 1176 990 fine
1200 959 1340 999 perdit-a.

913 1023 1046 1055 Praesta
1072 1024 1148 1054 mihi
1173 1024 1361 1066 subsidium,

911 1072 995 1103 Dum
1019 1071 1080 1103 hoc
1105 1071 1249 1111 relinquo
1271 1073 1443 1112 saeculum,

909 1118 955 1150 Et
980 1127 1050 1150 cum
1075 1118 1200 1150 recedit
1223 1119 1366 1163 spiritus,

911 1165 1016 1198 Castis
1042 1166 1153 1199 adesto
1179 1166 1338 1205 precibus.

911 1231 993 1264 Nam
1018 1235 1051 1264 te
1076 1234 1197 1275 orante,
1225 1232 1363 1272 domina,

911 1280 1100 1312 Sanctorum
1124 1284 1259 1319 surgunt
1282 1281 1379 1324 milia,

911 1326 946 1359 Si
970 1330 1005 1359 tu
1029 1328 1099 1359 sola
1123 1327 1258 1370 silueris,

910 1374 980 1407 Vox
1005 1375 1094 1407 nulla
1120 1375 1181 1406 erit
1207 1376 1331 1408 ceteris.

907 1441 984 1474 Noli
1008 1441 1113 1482 silere,
1141 1441 1280 1483 domina,

908 1489 988 1521 Esto
1012 1489 1091 1521 mihi
1116 1489 1269 1528 propitia,

906 1536 981 1568 Non
1015 1537 1097 1568 enim
1122 1536 1192 1569 vult
1216 1545 1267 1568 me
1290 1537 1439 1578 perdere,

908 1584 970 1624 Qui
993 1593 1046 1616 me
1069 1584 1207 1616 redemit
1230 1585 1396 1625 sanguine,

907 1651 963 1683 Me
988 1650 1109 1683 cunctis
1134 1650 1214 1682 locis
1240 1654 1383 1694 protege,

905 1699 1083 1731 Labentem
1108 1706 1235 1738 semper
1261 1699 1356 1743 erige,

906 1747 1038 1779 Manum
1063 1748 1222 1779 sacratam
1252 1747 1391 1792 porrige,

906 1796 945 1827 In
968 1795 1053 1827 viam
1078 1794 1168 1833 pacis
1196 1794 1308 1835 dirige.

908 1862 1003 1893 Vales
1030 1860 1113 1893 enim
1138 1870 1219 1900 prae
1243 1861 1400 1903 omnibuS,

907 1910 991 1949 Quos
1015 1908 1187 1949 praecellis
1212 1909 1395 1952 virtutibus,

906 1957 956 1989 Tu
980 1957 1165 1997 angelorum
1191 1957 1327 2001 domina,

905 2005 956 2037 Tu
979 2005 1210 2045 prophetarum
1235 2006 1347 2046 gloria,

906 2072 1144 2113 Apostolorum,
1171 2074 1358 2117 martyrum,

905 2119 1131 2154 Gonfessorum
1156 2129 1194 2152 ac
1222 2121 1377 2162 virginum

903 2168 973 2201 Nec
997 2178 1062 2201 non
1087 2170 1269 2200 sanctorum
1287 2169 1437 2208 omnium,

902 2216 998 2250 Solve
1022 2225 1126 2249 meam
1151 2216 1324 2250 miseriam.

474 2276 531 2309 17.
556 2274 608 2307 Tu
631 2275 710 2307 mihi
738 2274 779 2307 da
804 2274 1016 2316 clementiam,

557 2323 605 2357 Ut
629 2332 740 2357 vocem
766 2322 887 2356 Christi
912 2323 1051 2363 audiam,

555 2372 620 2404 Per
644 2381 738 2413 quam
762 2371 861 2405 vitam
886 2372 1071 2413 possideam

555 2419 601 2453 Et
624 2422 657 2453 te
681 2419 816 2454 laudare
842 2420 977 2456 valeam.

166 2482 188 2505 D
195 2488 207 2504 r
213 2487 245 2505 ev
252 2488 281 2505 es
288 2498 294 2510 ,
310 2480 354 2504 Pia
368 2479 514 2504 Dictamina..
543 2479 572 2503 V.

1228 2472 1263 2502 13
