1651 2700
652 128 909 165 ——103-

479 228 509 262 5.
535 227 653 268 Exora,
680 228 780 269 virgo,
806 227 915 268 filium,

536 276 692 309 Praesens
718 275 828 308 confer
849 275 1010 317 solacium,

539 324 586 357 Ut
609 326 797 365 perpetrata
820 324 965 365 nequiter

540 371 713 413 Purgemus
738 370 919 404 efficaciter.

208 432 288 463 Orat.
319 444 371 464 ms.
400 436 511 464 Domus
538 437 641 465 Novae
666 437 755 465 Lucis
782 438 854 464 anni
881 434 962 464 1477.
1010 434 1079 472 Qod.
1103 436 1291 464 Ultraiectin.
1318 435 1436 472 Scriptt.

131 473 212 501 Eccl.
231 473 296 501 375.

339 492 351 495 -
388 473 412 507 1,
436 473 450 502 1
473 475 590 510 Gaude,
617 476 715 510 virgo,
741 476 868 511 respice,
894 483 938 502 wo
960 475 1007 502 die
1020 474 1180 510 Anderung
1199 483 1236 501 zu
1255 475 1337 509 Tage
1356 474 1438 510 liegt.

132 512 202 540 Lies
226 514 319 540 etwa:
338 512 436 540 Maria
455 515 539 548 virgo
561 513 630 541 oder
648 513 743 541 Beata
760 514 855 549 virgo,
876 512 945 541 oder
965 512 1123 541 iihnliches.

570 607 616 639 70.
651 606 690 637 De
710 605 805 637 beata
824 604 925 637 Maria
944 605 980 636 V.

146 678 177 710 1.
205 676 327 719 Gaude,
352 677 452 719 virgo,
477 679 580 709 mater
604 676 731 721 Christi,

256 725 419 758 Castitatis
443 725 557 767 lilium,

206 772 329 814 Gaude,
356 772 430 812 quia
454 772 599 804 meruisti

254 819 416 852 Generare
440 818 551 861 filium,

207 868 274 908 Quo
299 870 450 900 nascente
473 867 591 899 mundo
618 867 712 900 datur

255 915 346 947 Salus
373 918 404 946 et
429 915 614 955 remedium,

204 962 249 996 Et
272 963 405 1003 pudoris
432 965 637 995 conservatur

255 1011 293 1043 In
318 1014 352 1043 te
375 1011 587 1050 privilegium.

151 1079 183 1112 2.
209 1077 261 1111 Ex
284 1080 317 1109 te
341 1078 458 1110 mundo
484 1076 646 1118 protulisti

256 1125 367 1157 Novae
390 1125 471 1165 legis
496 1125 640 1164 gratiam,

209 1173 337 1207 Primae
360 1173 472 1204 matris
497 1181 558 1212 qua
582 1172 690 1204 lavisti

256 1220 539 1262 Inoboedientiam,

210 1268 301 1307 Tuae
327 1269 466 1308 dignum,
492 1268 588 1300 laude
614 1267 719 1308 digna,

257 1316 363 1348 Laudi
388 1316 465 1356 quid
490 1313 651 1348 adiciam?

212 1364 321 1397 Omnis
346 1366 434 1395 tuam
459 1364 540 1405 laus,
566 1362 712 1402 benigna,

258 1411 360 1443 Decet
383 1411 605 1443 reverentiam.

154 1479 184 1511 3.
213 1479 237 1511 Ο
264 1478 425 1520 pudicum,
452 1487 470 1509 o
494 1476 648 1509 intactum

258 1525 398 1557 Deitatis
426 1525 596 1568 vasculum,

211 1573 314 1606 Tuum
340 1573 471 1606 verbum
498 1581 571 1604 caro
597 1572 716 1604 factum

257 1621 367 1662 Elegit
392 1620 623 1661 corpusculum,

210 1670 274 1702 Per
299 1669 382 1701 hanc
405 1669 492 1709 capis
518 1669 675 1708 unionem,

259 1718 358 1756 Quem
383 1726 446 1749 non
472 1718 559 1756 capit
582 1716 753 1758 saeculum,

208 1764 291 1798 Nam
316 1774 375 1809 per
401 1765 505 1797 carnis
530 1764 680 1798 livionem

259 1813 332 1845 Non
356 1812 474 1845 novisti
498 1813 683 1845 masculum.

153 1883 185 1914 4.
212 1880 287 1914 Tibi
311 1881 413 1913 virtus
438 1880 639 1913 obumbravit

264 1927 467 1969 septiformis
492 1928 633 1971 spiritus,

211 1977 329 2011 Alvum
355 1980 442 2008 tuum
467 1975 653 2009 fecundavit

260 2025 401 2057 Verbum
425 2024 554 2057 missum
581 2023 724 2066 caelitus,

214 2073 371 2106 Liberare
393 2081 454 2113 per
477 2076 510 2105 te
535 2072 630 2112 venit,

260 2123 344 2162 Quos
368 2122 537 2163 premebat
560 2119 707 2161 servitus,

214 2170 279 2203 Sed
303 2171 465 2210 intactam,
491 2172 527 2202 ut
550 2168 683 2209 invenit,

258 2218 305 2251 Te
328 2218 458 2258 reliquit
481 2217 617 2260 penitae.

153 2289 183 2321 5.
207 2287 258 2321 De
281 2286 442 2328 profundo
468 2286 618 2320 vitiorum

259 2336 314 2368 Ad
341 2338 372 2368 te
396 2335 508 2377 clamo,
537 2334 674 2377 domina,

212 2385 292 2427 Quia
317 2385 383 2417 scio
411 2384 598 2417 delictorum

255 2433 312 2467 Me
335 2433 462 2476 gravari
488 2432 624 2474 sarcina,

891 675 955 708 Sed
982 677 1023 708 da
1046 676 1123 708 mihi
1148 676 1322 717 promereri

938 722 1158 757 Lacrimarum
1180 722 1319 764 flumina,

891 771 1010 810 Quibus
1035 772 1159 811 possint
1182 771 1303 804 aboleri

934 819 1009 851 Mea
1032 828 1163 858 prorsus
1189 820 1331 853 crimina.

855 911 861 918 .
892 885 995 918 Prava
1018 886 1119 918 multa
1143 887 1329 927 perpetravi

935 930 1015 964 Post
1038 932 1190 973 baptismi
1215 936 1359 975 gratiam,

889 979 1029 1012 Mortem
1051 981 1130 1013 mihi
1156 983 1338 1022 comparavi

938 1028 1000 1060 Per
1023 1029 1295 1071 incontinentiam,

891 1073 993 1107 Credo
1018 1079 1134 1118 tamen,
1162 1077 1237 1116 quia
1260 1077 1347 1109 Deus

936 1122 1003 1154 Dat
1030 1122 1167 1156 libenter
1193 1128 1326 1164 veniam,

891 1169 1022 1208 Quando
1047 1180 1155 1203 veram
1180 1173 1311 1212 quisque
1335 1181 1408 1204 reus

938 1219 1014 1258 Agit
1039 1220 1277 1257 paenitentiam.

857 1310 864 1317 .
892 1283 984 1315 Omni
1009 1292 1122 1325 regnas
1149 1290 1295 1319 creatura

938 1332 1016 1364 Post
1039 1332 1141 1365 Deum
1164 1334 1340 1376 sublimius,

890 1378 974 1412 Nam
997 1381 1031 1412 in
1056 1380 1123 1412 eius
1146 1385 1180 1413 te
1202 1380 1330 1414 factura

940 1427 1030 1460 Nihil
1056 1432 1181 1461 constat
1206 1430 1341 1470 dignius,

891 1474 1022 1513 Quando
1048 1478 1135 1508 tuam
1159 1485 1289 1517 precem
1316 1477 1415 1516 audit,

940 1522 1068 1555 Gaudet
1090 1524 1193 1557 honor
1217 1526 1323 1566 regius

898 1569 942 1602 Et
966 1570 1000 1602 in
1026 1573 1147 1604 cunctis
1172 1574 1204 1603 te
1230 1573 1360 1605 exaudit

940 1617 1030 1651 Sicut
1052 1622 1186 1652 matrem
1211 1620 1305 1653 filius.

860 1709 867 1717 .
893 1683 957 1716 Pro
982 1695 1033 1717 me
1058 1694 1132 1727 ergo
1158 1686 1351 1728 depreceris,

939 1733 999 1772 Qui
1023 1734 1066 1766 ad
1091 1737 1122 1765 te
1146 1733 1302 1776 confugio,

892 1779 967 1813 Tibi
990 1782 1085 1822 enim,
1111 1783 1139 1814 si
1166 1783 1317 1823 digneris,

940 1828 1112 1862 Deservire
1137 1831 1239 1875 cupio,
1311 1825 1315 1829 ‘

895 1875 958 1909 Sed
983 1877 1067 1918 quod
1093 1883 1179 1911 casto
1205 1881 1246 1911 ad
1269 1881 1423 1912 incestum

941 1925 1042 1958 Nulla
1065 1926 1108 1958 sit
1132 1928 1309 1972 conventio,

896 1972 1029 2006 Constat
1053 1982 1122 2006 esse
1146 1974 1348 2009 manifestum

941 2022 1032 2054 Pauli
1058 2023 1248 2058 testimonio.

860 2116 867 2124 .
894 2088 943 2122 Tu
969 2098 1001 2121 es
1027 2092 1137 2123 sancta
1162 2094 1194 2123 et
1217 2092 1339 2124 intacta

939 2137 991 2169 Ab
1016 2139 1102 2170 omni
1123 2140 1288 2181 spurcitia,

894 2185 1016 2219 Summi
1038 2186 1124 2227 regis
1148 2191 1252 2220 mater
1276 2187 1363 2221 facta

943 2235 1007 2267 Pro
1031 2237 1086 2267 tua
1111 2237 1279 2277 munditia,

895 2282 942 2316 Te
965 2292 1029 2315 non
1055 2283 1170 2316 decent
1192 2285 1387 2316 incestorum

940 2331 1114 2364 Horrenda
1134 2333 1275 2373 servitia,

895 2380 958 2413 Sed
985 2381 1153 2422 castorum,
1186 2390 1289 2413 mores
1315 2390 1445 2421 quorum

942 2428 1014 2461 Non
1040 2432 1216 2470 sequuntur
1240 2429 1325 2463 vitia.
