1651 2700
695 158 926 193 -14-..

173 253 228 287 55.
254 253 422 294 signanter
450 256 620 288 necessitas

300 311 453 341 quaenam
478 303 648 342 videretur,

255 349 392 380 Verbum
419 359 544 382 carnem
568 350 639 383 fieri

298 405 357 437 per
382 406 474 436 quam
498 400 670 440 pateretur,

252 444 285 476 Si
313 444 460 478 delictum
484 445 629 485 hominis,

297 491 381 532 quod
407 492 617 524 redimeretur

253 538 316 570 Sua
336 543 446 581 morte,
473 539 598 579 penitus

294 595 357 617 non
385 586 606 619 inveniretur?

166 643 220 674 56.
248 641 379 674 Constat
403 652 487 683 ergo,
515 643 641 674 domina

293 689 402 721 mundi
424 690 611 730 praeelecta,

248 737 338 775 Quod
363 745 420 777 pro
444 737 665 777 peccatoribus

292 786 395 814 mater
416 785 459 815 sis
481 783 600 825 effecta,

244 831 326 869 Quos
353 830 467 871 eidem,
494 831 581 863 cuius
606 835 679 863 sunt

290 886 388 916 opera
410 877 564 920 perfecta,

243 925 448 964 complacere
473 924 572 958 facias

287 981 307 1003 a
331 971 399 1003 Deo
427 973 555 1007 dilecta.

853 255 906 286 57.
933 254 1000 286 Nos
1026 255 1164 294 quidem,
1192 262 1248 285 nos
1275 253 1407 294 fragiles

979 306 1011 333 et
1034 301 1076 333 ad
1101 301 1219 332 malum
1244 302 1346 344 proni,

931 349 1100 381 Privamur
1125 349 1187 388 hic,
1213 349 1295 388 proh
1323 349 1424 385 dolor,

979 396 1079 428 omnis
1105 395 1213 428 fructu
1237 397 1322 437 boni,

930 444 995 477 Sed
1021 446 1095 475 tuae
1119 443 1343 477 committimus

974 491 1173 522 miserationi

929 538 995 570 Nos
1021 540 1053 569 et
1077 541 1188 570 nostra
1210 539 1376 572 subdimus

976 589 1050 617 tuae
1076 586 1200 618 ditioni.

845 644 900 675 58.
927 643 977 675 Ne
1001 641 1194 675 frustremur
1217 643 1317 683 igitur

973 699 1040 731 spe,
1067 700 1160 731 quam
1186 693 1381 730 reportamus

927 738 974 770 De
999 742 1041 780 te,
1069 739 1158 770 cuius
1179 738 1296 770 totiens

970 794 1084 818 nomen
1109 787 1304 826 invocamus,

925 836 1011 873 Quae
1035 834 1063 865 si
1088 843 1152 866 non
1177 833 1363 866 subveneris

970 881 1073 922 nobis,
1098 883 1292 922 ignoramus,

921 929 1004 969 Quid
1028 930 1062 960 in
1087 930 1137 961 his
1161 930 1299 962 miseriis

966 977 1053 1008 ultra
1076 976 1242 1012 faciamus,

500 1031 554 1063 59.
580 1030 733 1068 Admitte,
759 1032 904 1071 piissima

623 1080 735 1117 mater,
762 1079 822 1111 hoc
846 1079 1003 1112 dictamen

576 1125 620 1157 Et
643 1125 690 1157 sic
713 1128 746 1158 te
768 1126 950 1166 petentibus

624 1174 773 1213 impende
796 1175 954 1217 iuvamen,

575 1220 621 1253 Ut
646 1229 715 1252 cum
740 1221 860 1253 factum
885 1221 983 1255 fuerit

620 1269 765 1301 ultimum
792 1278 933 1310 examen,

574 1316 724 1347 Vivamus
749 1318 782 1348 in
808 1319 935 1351 saecula

624 1364 830 1397 saeculorum.
877 1367 991 1399 Amen.

221 1434 289 1461 Cod.
309 1434 470 1463 Londinen.
490 1437 562 1472 Reg.
583 1438 599 1465 7
621 1439 646 1465 A
666 1439 715 1466 VI.
744 1449 819 1468 saec.
842 1438 915 1469 ¹⁵²)15.
935 1457 975 1460 —
997 1441 1024 1475 1,Γ
1047 1441 1066 1471 4
1085 1447 1193 1471 nostre.
1216 1460 1253 1464 —
1274 1443 1306 1475 3,
1330 1445 1349 1473 4
1370 1449 1399 1474 et
1417 1449 1449 1474 111

142 1471 292 1499 abusionc.
318 1487 355 1491 —
383 1471 415 1507 6,
437 1472 455 1502 3
476 1475 541 1508 Qui.
569 1491 606 1495 —
630 1475 661 1509 9,
683 1475 698 1503 1
722 1477 763 1506 Ut
781 1478 854 1506 Salu
881 1481 1009 1516 sapien„
1029 1496 1067 1501 —-
1089 1480 1132 1514 13,
1154 1480 1172 1510 3
1192 1483 1234 1511 Et
1252 1484 1390 1512 Rachele.
1411 1500 1448 1505 —

144 1506 186 1542 14,
208 1506 226 1534 2
246 1510 326 1537 salus
347 1513 392 1537 est
411 1513 443 1538 in
462 1512 535 1540 Deo.
556 1529 594 1534 ——
615 1513 659 1550 14,
679 1514 695 1541 7
716 1515 815 1543 Etiam
833 1518 1030 1552 *iugulariteiz
1045 1534 1083 1539 -—
1101 1518 1143 1553 18,
1159 1520 1175 1547 (5
1196 1524 1266 1549 vata
1287 1523 1358 1551 oder
1377 1528 1449 1552 nata

139 1546 330 1575 nuntiantem.
344 1563 382 1567 —
407 1548 451 1583 21,
466 1548 483 1577 3
502 1553 666 1588 utrumque.
679 1568 717 1571 —
737 1552 782 1586 22,
798 1553 814 1582 5
832 1556 864 1582 in
877 1555 963 1587 fehlt:
985 1557 1035 1584 efr-
1050 1558 1120 1585 Luc.
1136 1556 1181 1592 24,
1199 1558 1242 1587 17.
1262 1575 1300 1579 —
1320 1559 1366 1594 24,
1381 1562 1401 1590 4
1421 1566 1450 1590 et

140 1584 220 1610 fehlt.
234 1600 272 1604 —
286 1583 331 1620 31,
348 1585 363 1613 1
378 1595 420 1624 sq.
441 1588 609 1617 mandatum
629 1591 814 1620 dominicum.
885 1592 931 1628 33,
949 1593 966 1622 5
988 1597 1135 1624 mortales.
1149 1612 1187 1616 —
1207 1596 1254 1632 41,
1271 1598 1286 1626 1
1308 1599 1397 1627 Huic.
1412 1616 1446 1620 —

138 1619 184 1655 41,
197 1619 215 1649 3
228 1623 372 1651 Peraman
386 1634 468 1661 quae.
484 1641 520 1645 —
535 1625 579 1655 46(
597 1626 615 1655 2
628 1629 837 1658 consederavit.
855 1646 887 1649 —
903 1630 948 1663 46.
961 1630 978 1660 6
993 1636 1157 1662 assei-tavit.
1173 1651 1204 1654 —
1224 1636 1270 1671 51,
1282 1636 1300 1664 7
1314 1638 1446 1667 disceris.

552 1732 579 1759 2.
613 1729 659 1761 Ad
678 1730 805 1763 beatam
824 1733 954 1766 Mariam
974 1735 1009 1765 V.

148 1802 179 1834 1.
205 1802 296 1835 Assis
320 1804 421 1848 nobis,
447 1807 535 1847 virgo
560 1810 623 1851 pia,

209 1850 294 1890 Quae
318 1855 430 1885 vocata
454 1862 487 1885 es
510 1855 624 1896 Maria,

257 1897 358 1930 Stella
382 1901 477 1933 maris
501 1904 647 1945 rutilans,

210 1944 258 1977 Tu
282 1955 341 1985 pro
365 1948 456 1980 nobis
479 1958 606 1992 semper
628 1962 684 1985 ora

206 1992 260 2025 Ad
283 1992 380 2026 filium
407 1997 475 2028 sine
498 2007 588 2031 mora

255 2041 449 2084 Veniamque
472 2048 646 2085 postulans.

149 2098 180 2128 2.
207 2096 252 2130 Ut
281 2098 381 2130 adiuti
406 2101 585 2147 gloriemur,

207 2145 356 2177 Absoluti
378 2146 550 2180 liberemur

251 2194 280 2224 A
305 2196 445 2232 pecc-atis
470 2197 624 2241 omnibus,

204 2239 254 2272 Ne
279 2240 376 2273 Satan
401 2252 470 2274 cum
495 2244 559 2277 suis
583 2248 694 2278 turmis

203 2286 269 2320 Nos
293 2294 461 2331 congreget
485 2292 517 2323 in
543 2295 693 2326 extremis

249 2337 364 2368 Poenis
387 2337 607 2374 infernalibus.

206 2399 285 2429 Orat.
308 2411 361 2430 ms.
378 2405 588 2441 vombergense
608 2415 683 2435 saec.
706 2407 749 2437 15.
784 2411 853 2439 Cod.
868 2412 1070 2451 Stuttgaitien.
1087 2417 1136 2446 lb.
1151 2418 1197 2446 67.

130 2439 211 2465 tuum
231 2441 302 2468 sine.
325 2456 359 2459 —
381 2440 407 2476 3,
429 2441 446 2471 6
465 2443 596 2473 sacrato.

825 1815 855 1847 3.
883 1814 933 1847 Ne
960 1816 1144 1850 damnemur
1171 1827 1239 1851 cum
1263 1821 1384 1864 impiis,

883 1861 948 1896 Sed
971 1864 1121 1904 precibus
1146 1867 1209 1898 tuis
1236 1865 1330 1913 [piis]

933 1911 1102 1945 Valeamus
1127 1915 1293 1957 scandere,

886 1957 948 1991 Ubi
972 1969 1081 1993 manes
1105 1970 1176 1993 cum
1199 1962 1278 2006 filio,

886 2006 964 2040 Cum
988 2010 1091 2053 patre,
1120 2019 1191 2042 cum
1215 2013 1373 2052 paraclito

931 2054 1141 2090 Sacrosancto
1167 2057 1308 2092 foedere.

826 2112 856 2142 4.
884 2111 966 2152 Tibi,
996 2112 1131 2159 Christe,
1159 2117 1202 2147 sit
1226 2119 1331 2158 gloria

884 2159 962 2192 Cum
985 2164 1089 2194 matre
1114 2165 1169 2195 tua
1193 2164 1301 2197 Maria

928 2208 992 2239 Hic
1017 2211 1048 2240 et
1072 2211 1104 2241 in
1131 2211 1343 2254 caelestibus3

883 2253 1028 2295 Hymnus
1054 2258 1118 2289 iste
1143 2259 1186 2291 sit
1211 2259 1345 2294 devotus

881 2301 954 2334 Tibi
979 2312 1105 2345 semper
1130 2308 1227 2346 atque
1252 2313 1362 2349 gratus

928 2351 965 2382 In
989 2351 1116 2384 Mariae
1137 2354 1297 2390 laudibus.

1212 2436 1248 2442 —
1264 2422 1288 2457 l,
1304 2423 1321 2451 5
1342 2424 1437 2455 filium
