1651 2700
220 248 258 283 4..
281 248 361 280 Sara
384 248 471 289 parit
493 249 599 281 vetula

280 295 398 327 Filium
423 295 557 333 anicula,

329 342 423 374 Risus
446 342 625 380 suscitatur,

280 390 382 422 Deum
409 388 533 430 profert
556 387 690 428 parvula

281 437 407 469 Etenim
430 435 607 475 iuvencum,

328 483 468 515 Mundus
495 482 682 514 collaetatur
693 492 701 521 ;

282 533 312 563 Α
336 530 483 562 Rebecca
507 529 619 561 sedula

283 577 347 610 Sub
372 577 468 609 hoedi
487 575 640 617 pellicula

330 624 425 656 Iacob
450 623 611 663 palliatur,

281 672 368 703 Deus
391 671 425 702 in
453 670 605 710 puellula,

283 717 415 756 Scirpea
438 715 598 749 fiscellula

327 763 458 804 Moyses
482 763 614 797 celatur.

729 149 985 183 —164—

960 242 1014 275 Sic
1038 242 1147 274 Maria.
1169 240 1318 281 praebuit

961 290 1107 330 Carnem,
1131 289 1164 320 in
1191 297 1254 327 qua
1276 287 1373 319 latuit

1005 337 1104 379 Deus,
1133 335 1320 375 puellarem,

958 384 1011 417 Ex
1036 393 1098 423 qua
1120 382 1203 414 mori
1226 381 1350 422 statuit,

961 430 1022 471 Qui
1046 431 1126 463 mori
1152 438 1215 462 non
1237 428 1352 471 potuit,

1008 478 1035 510 O
1059 486 1128 510 rem
1152 477 1357 517 singularem.

902 536 934 569 6.
959 534 1056 576 Ergo,
1074 537 1179 566 mater
1194 535 1328 573 gratiae,

958 581 1046 613 Fons
1071 581 1318 623 misericordiae,

1009 628 1122 660 Dulcis
1147 636 1221 668 spes
1245 636 1384 668 reorum,

962 677 1053 709 Laxa
1077 684 1173 709 venas
1195 676 1318 717 veniae,

962 724 1096 756 Viscera
1120 723 1317 765 clementiae,

1008 771 1136 803 Memor
1158 769 1308 813 filiorum,

224 819 255 854 5.
281 821 402 854 Rachel
426 821 524 853 telam
548 820 662 862 texuit,

281 869 334 900 De
358 878 420 908 qua
442 868 561 907 Ioseph
581 868 685 900 induit

962 820 1037 852 Iure
1061 819 1173 850 matris
1193 819 1303 859 regiae

961 866 1043 900 Iube
1067 874 1175 906 regem
1200 866 1330 908 gloriae,

1012 913 1062 945 Ne
1085 922 1207 946 memor
1230 913 1387 946 malorum

961 961 1030 994 Nos
1056 962 1195 1001 damnet,
1220 962 1279 993 sed
1305 962 1413 995 curiae

963 1009 1041 1041 Post
1064 1008 1160 1041 finem
1183 1009 1333 1041 miseriae

1010 1057 1127 1098 Iungat
1154 1056 1331 1089 beatorum.

329 916 481 947 Tunicam
505 916 648 953 talarem,

283 964 383 1003 Quam
408 962 553 1003 fratrum,
581 971 657 1003 quos
681 962 803 1006 habuit,

283 1011 372 1043 Patri
397 1009 484 1042 fraus
510 1010 654 1042 exhibuit

329 1058 377 1091 Ut
400 1058 498 1089 occisi
519 1067 649 1097 parem3

290 1122 360 1151 Cod.
384 1122 589 1151 Carolsruhan.
611 1122 734 1158 Augien.
756 1120 801 1150 36.
822 1130 897 1150 saec.
919 1119 992 1150 ¹4115.

650 1241 714 1273 120.
744 1242 788 1273 De
805 1241 901 1273 beata
920 1241 1021 1273 Maria
1039 1242 1076 1274 V.

399 1314 424 1346 Ο
449 1321 523 1344 rosa
547 1312 682 1353 virginei
709 1312 832 1344 decoris
857 1312 1072 1353 splendorque
1097 1313 1253 1354 polorum,

398 1360 522 1400 Sponsa
549 1368 729 1399 parensque
753 1360 824 1398 Dei,
850 1369 909 1399 pro
935 1359 1037 1400 culpis
1062 1369 1159 1400 posce
1184 1369 1320 1404 reorum,

397 1407 515 1439 Forma
537 1407 720 1450 pudicitiae,
746 1407 869 1447 Moysis
899 1406 1005 1451 rubus,
1034 1408 1107 1440 aula
1132 1407 1273 1449 sophiae,

398 1454 534 1493 Respice
558 1463 615 1486 nos
641 1454 788 1497 clemens,
814 1463 891 1494 rege
913 1463 1018 1486 mores
1042 1455 1134 1488 noxia
1164 1457 1305 1498 demens,

399 1503 497 1534 Porta
521 1502 596 1543 poli,
624 1502 734 1542 regina
757 1501 827 1543 soli,
853 1502 978 1534 miseris
1003 1502 1165 1543 miserere,

399 1548 482 1581 Dele
507 1548 640 1580 crimina
667 1549 745 1581 dans
771 1549 943 1581 munimina
967 1558 1087 1590 nosque
1111 1553 1211 1583 tuere.

291 1613 371 1641 Orat.
393 1621 446 1641 ms.
467 1621 542 1641 saec.
567 1612 609 1641 15.
650 1613 720 1641 Cod.
741 1613 909 1650 Sangallen.
930 1612 993 1642 521.

650 1723 707 1754 121.
737 1723 781 1754 De
799 1724 897 1755 beata
913 1723 1016 1756 Maria
1034 1724 1071 1756 V.

400 1793 425 1826 Ο
451 1792 604 1833 templum
632 1792 761 1833 Christi,
789 1802 840 1825 me
862 1796 995 1834 protege
1018 1804 1039 1827 a
1062 1804 1141 1828 nece
1164 1796 1261 1837 tristi,

400 1841 486 1880 Quae
512 1840 698 1873 destruxisti
721 1844 856 1874 mortem
879 1842 1040 1882 vitamque
1067 1843 1196 1877 dedisti.

400 1888 424 1920 Ο
449 1886 507 1919 flos
535 1887 574 1919 de
598 1887 707 1932 spinis,
736 1898 755 1920 a
780 1889 941 1922 daemonis
968 1890 1057 1929 eripe
1079 1891 1174 1924 minis

398 1935 451 1978 Et,
480 1943 557 1975 quos
583 1935 706 1979 delinis,
734 1945 752 1968 a
778 1937 899 1969 cunctis
924 1938 1003 1969 tolle
1026 1938 1136 1973 ruinis,

401 1983 425 2014 O
455 1982 556 2014 dulcis
581 1983 657 2025 vita,
683 1984 832 2017 mundum
858 1987 913 2017 tua
936 1985 1040 2025 gratia
1066 1987 1144 2028 dita,

401 2029 476 2061 Vita
500 2029 590 2062 finita
615 2031 676 2063 duc
700 2040 751 2063 me
775 2032 817 2064 ad
841 2041 940 2073 regna
964 2033 1082 2074 cupita.

294 2092 363 2121 Cocl.
384 2092 413 2121 S.
432 2093 573 2122 Floriani.
594 2095 638 2123 XI
659 2094 722 2124 196.
743 2105 818 2125 saec.
840 2095 886 2126 16.

657 2206 719 2238 122.
749 2207 793 2239 De
810 2209 907 2241 beata
926 2209 1029 2241 Maria
1048 2211 1085 2241 V.

233 2276 263 2308 1.
291 2274 315 2307 O
339 2273 512 2305 triclinium
536 2274 643 2306 nobile

290 2320 457 2353 Trinitatis
480 2320 709 2365 sanctissimae,

289 2369 357 2401 Era
381 2368 526 2401 caelestis
551 2370 683 2413 patriae,

289 2416 358 2449 Nos
383 2416 507 2449 exsules
533 2417 705 2449 consolare.

912 2281 943 2313 2.
969 2280 1086 2320 Maria,
1114 2284 1217 2314 mater
1241 2284 1375 2326 gratiae,

970 2327 1080 2360 Mater
1103 2328 1354 2373 misericordiae,

970 2374 1104 2414 Semper
1129 2375 1169 2406 ab
1195 2376 1287 2410 hoste
1311 2383 1445 2420 protege

970 2420 1016 2453 Et
1039 2421 1072 2453 in
1097 2425 1200 2455 morte
1221 2434 1280 2457 nos
1305 2427 1442 2468 suscipe.
