1651 2700
171 226 202 260 5.
229 227 255 260 O
275 223 406 257 sedibus

275 273 381 305 locata
405 274 540 316 superis,

229 323 453 355 Restauratrix

274 369 405 401 humani
428 370 564 412 generis,

231 418 361 450 Cunctis
387 426 514 458 semper

277 474 447 498 succurens
472 466 610 504 miseris,

228 513 326 553 Audi,
353 522 478 554 precor,

277 561 447 593 clamorem
471 561 634 602 pauperis,

230 609 344 641 Funde
369 617 482 649 preces

279 660 311 688 et
335 666 375 688 ne
399 657 589 697 tardaveris,

231 705 315 744 Quas
340 704 367 736 si
393 704 519 746 fundas,

277 761 438 792 nunquam
462 751 680 786 frustraberis.

167 830 198 863 6.
227 829 325 870 Virgo
351 837 488 869 semper,

273 877 342 909 sola
366 885 535 919 puerpera,

229 924 324 957 Cuius
349 924 454 963 ipsum

272 975 444 1012 portarunt
467 971 599 1013 viscera,

227 1021 325 1060 Quem
351 1028 465 1060 capere

275 1077 338 1100 non
363 1071 499 1107 possunt
524 1066 665 1106 aethera,

226 1116 311 1148 Nato
336 1118 391 1146 tuo

275 1163 437 1203 precando
463 1163 596 1204 impera,

227 1211 295 1243 Mei
321 1210 427 1243 cordis

275 1262 311 1290 ut
340 1261 433 1290 sanet
456 1258 596 1300 vulnera,

230 1308 316 1346 Quae
342 1306 494 1346 commisi,

277 1354 440 1386 remittens
465 1353 598 1385 scelera.

170 1432 200 1465 7.
228 1431 359 1470 Terrae,
385 1430 466 1462 mari

278 1478 331 1518 qui
356 1479 441 1510 solus
464 1478 611 1518 imperat,

233 1525 346 1558 Caelos
372 1527 463 1567 regit,

278 1576 311 1604 et
334 1573 445 1605 stellas
470 1574 626 1613 numerat,

228 1621 334 1653 Malos
359 1622 460 1664 punit,

274 1669 375 1700 iustos
401 1670 592 1706 remunerat,

227 1717 301 1749 Tibi
327 1715 424 1758 favet,

275 1768 378 1805 paret,
405 1765 615 1806 obtemperat,

228 1813 311 1852 Quos
340 1813 457 1855 diligis,

278 1870 298 1892 a
323 1864 424 1893 morte
447 1861 576 1902 liberat,

228 1909 348 1948 Quibus
375 1909 508 1949 claudjS,

276 1957 348 1997 ipse
372 1966 435 1989 non
463 1960 596 1988 reserat.

683 150 724 155 —
778 129 845 165 109
895 149 940 154 ——

851 229 883 263 8.
909 226 1021 260 Mundi
1047 226 1133 259 salus

958 279 990 307 et
1014 274 1094 306 caeli
1118 273 1278 315 gaudium,

909 323 1011 355 Tuum
1033 322 1127 354 nimis

957 370 1074 403 offendi·
1097 370 1208 411 filium,

911 420 936 452 O
958 419 1030 458 heu,
1055 419 1161 461 miser,

958 465 1070 498 infelix
1093 466 1234 505 nimium,

912 514 987 553 Quis
1011 522 1045 545 se
1071 514 1159 546 (labit

959 562 1036 593 mihi
1062 561 1245 602 propitium,

912 610 947 642 Si
972 609 1105 642 desistat

961 657 1114 689 salvatrix
1141 656 1288 695 omnium,

912 705 969 738 Cui
995 713 1128 744 parcere

963 761 1089 792 semper
1114 755 1162 784 est
1186 749 1375 792 proprium?

877 855 884 863 .
914 829 975 862 Cor
999 829 1097 870 igitur

958 878 1066 909 levans
1093 886 1162 909 cum
1188 875 1331 908 manibus

909 924 991 956 Meis
1017 928 1123 957 terrae

955 972 1027 1004 fixis
1051 971 1241 1012 poplicibus,

908 1020 997 1060 Tuis,
1024 1028 1107 1062 ecce,

957 1071 1143 1108 prosternor
1167 1066 1297 1106 pedibus

909 1115 1061 1147 Fundens
1086 1123 1198 1155 preces

956 1163 1068 1202 plenas
1093 1161 1261 1204 gemitibus

909 1211 981 1243 Non
1007 1211 1136 1243 cessabo

958 1258 1068 1291 diebus
1095 1258 1248 1291 omnibus,

910 1306 1020 1338 Donec
1045 1306 1126 1338 caeli

957 1363 1008 1385 me
1031 1354 1142 1394 iungas
1168 1353 1298 1386 t*ivibus

855 1431 908 1463 10.
934 1431 1038 1463 Amen
1064 1430 1159 1473 dicat,

985 1486 1065 1518 quae
1087 1478 1186 1518 pedes
1212 1476 1338 1509 fletibus

937 1526 1010 1558 Iesu
1035 1526 1116 1558 lavit

987 1576 1019 1605 et
1042 1573 1136 1605 tersit
1161 1573 1312 1606 crmibus.

934 1621 979 1653 Et
1003 1620 1101 1653 rediit

984 1669 1103 1701 munda
1128 1668 1323 1704 criminibus,

937 1717 1015 1749 Post
1042 1717 1123 1750 haec
1147 1716 1293 1758 fragrans

984 1764 1050 1796 eius
1075 1765 1258 1797 muneribus

938 1813 1134 1845 Sublimatur

988 1861 1146 1893 caelorum
1171 1860 1311 1902 sedibus,

939 1909 1004 1942 Sub
1029 1911 1062 1940 te
1085 1919 1222 1950 regnans

984 1957 1091 1998 regnis
1118 1956 1318 1990 caelestibus.

234 2043 315 2071 Orat.
335 2049 388 2068 ms.
413 2041 646 2070 Caelestinorum
666 2050 742 2070 saec.
765 2040 808 2070 15.
848 2042 919 2071 God.
939 2043 1084 2071 Parisien.
1107 2040 1208 2071 18571.

509 2193 555 2225 75.
587 2192 693 2225 Oratio
715 2193 757 2224 atl
776 2192 902 2225 beatam
921 2193 1052 2225 Mariam
1071 2193 1107 2226 V.

173 2285 204 2318 1.
232 2284 382 2318 Gloriosa
404 2288 509 2318 mater
533 2285 605 2328 Dei,

229 2333 356 2366 Memor
382 2337 449 2367 esto
474 2343 602 2375 semper
625 2334 698 2376 mei,

229 2382 297 2414 Mei
322 2391 449 2424 semper
476 2385 543 2416 esto
568 2392 700 2425 memor,

230 2431 330 2471 Quem
355 2432 480 2472 peccati
504 2435 605 2464 terret
630 2440 728 2464 amor.

854 2286 887 2319 2.
913 2285 1000 2325 Quae
1024 2285 1066 2317 ad
1093 2286 1180 2319 dicta
1203 2283 1374 2319 Gabrielis,

912 2334 1132 2375 Paranymphi
1159 2337 1224 2365 tam
1248 2331 1365 2372 fidelis,

915 2382 952 2415 In
978 2382 1090 2415 auditu
1115 2380 1283 2421 oboedisti‚

915 2431 1047 2472 Quando
1076 2430 1236 2464 Christum
1263 2427 1449 2470 concepisti,
