1651 2700
716 197 975 231 *232—

292 293 382 325 Pelle
405 292 504 326 facies
527 292 704 326 horrendas
965 292 1058 332 Ipsos
1081 289 1164 322 illud
1187 288 1347 322 infernale

210 341 265 374 50.
292 341 401 382 Teque
424 341 499 373 mihi
526 344 601 373 tune
625 339 782 372 ostendas
884 339 940 372 60.
964 339 1149 377 Malumque
1173 338 1361 377 perpetuale
1402 383 1409 390 .

290 388 328 420 In
352 389 409 420 illa
433 387 521 420 finali
545 396 652 429 pugna
966 384 1231 425 Circumstringat
1254 384 1324 438 loco
1340 392 1421 438 ’me1‚

288 436 350 467 Pro
376 444 435 476 me,
462 444 584 475 precor,
611 434 657 465 ita
678 442 794 475 pugna,
965 433 1027 465 Sed
1053 435 1204 465 aeternae
1228 440 1349 472 requ1e1
1439 479 1447 486 ι

289 483 331 515 Ut
357 481 479 514 confusi
504 484 598 522 atque
622 481 698 513 victi
964 480 1020 512 Me
1042 479 1205 520 coniunge,
1232 479 1332 520 virgo,
1360 480 1476 521 choris,

284 529 391 561 Ruant
415 529 521 561 hostes
546 528 709 560 maledicti
965 528 1029 560 Vas
1056 527 1217 568 virtutum,
1245 525 1316 558 fons
1341 527 1482 561 honoris.

203 578 257 609 55.
283 576 381 617 Ignea
405 578 480 607 tunc
504 576 546 608 ad
571 577 737 618 tormenta,
883 575 938 609 65.
966 575 1063 607 Pater
1089 578 1232 615 praestet
1257 573 1318 605 hoc
1337 577 1370 606 et
1387 577 1492 618 natus,

282 624 368 663 Quae
391 632 450 664 pro
471 623 550 664 ipsis
575 625 650 654 sunt
668 623 810 662 inventa,
965 622 1064 654 Sacer
1088 622 1256 662 utriusque
1279 620 1387 663 flatus,

284 670 328 702 Ut
352 670 435 710 quod
460 670 537 701 mihi
562 672 765 712 paraverunt,
963 670 1078 701 Trinus
1102 679 1201 710 unus,
1228 669 1281 709 qui
1307 672 1492 702 cunctorum

282 718 395 750 Multis
419 717 511 748 annis
535 717 748 759 quaesierunt,
962 716 1154 750 Dominatur
1178 717 1388 752 saeculorum.

262 806 341 836 Orat.
362 817 414 837 ms.
435 809 587 838 Scotorum
607 809 810 838 Vindobonen.
831 808 869 838 54
888 810 907 838 h
927 808 955 838 8.
978 812 1048 838 anni
1069 808 1151 839 1410.

619 957 680 989 189.
709 957 753 988 De
771 958 866 990 beata
885 958 988 990 Maria
1006 959 1043 990 V.

431 1046 528 1086 Virgo
555 1046 694 1078 salutata
720 1045 879 1079 Gabrielis
906 1056 982 1079 voce
1007 1048 1110 1086 beata,

431 1092 572 1125 Caelitus
598 1092 717 1135 adfata,
744 1095 841 1126 maris
865 1095 977 1127 inclita
1001 1096 1095 1127 stella
1117 1100 1241 1138 vocata,

432 1141 495 1172 Per
519 1140 575 1172 tibi
604 1141 720 1173 collata
744 1141 828 1173 bona
852 1142 963 1175 nuntia
987 1143 1030 1174 sis
1052 1143 1129 1175 mihi
1154 1148 1257 1184 grata.

429 1186 594 1220 Ecclesiae
617 1186 727 1219 florem
751 1189 934 1229 produxisti
958 1190 1028 1222 sine
1051 1191 1153 1232 spina,

432 1234 593 1266 Mentibus
619 1236 766 1267 ardorem
787 1235 864 1268 fidei
890 1236 969 1269 dans
995 1246 1027 1269 es
1052 1238 1222 1274 medicina.

431 1281 612 1321 virgineum
637 1281 776 1315 fructum
802 1284 843 1315 de
866 1287 900 1316 te
921 1284 1020 1317 laudo
1045 1290 1240 1327 generatum,

425 1327 578 1361 Excutias
604 1329 733 1374 luctum,
760 1339 821 1370 quo
846 1332 948 1363 sentio
969 1341 1020 1364 me
1039 1334 1252 1373 gravidatum.

428 1376 540 1408 Partus
565 1376 640 1408 labe
665 1386 786 1418 cerem,
815 1378 923 1411 divino
949 1388 1079 1412 munere
1105 1382 1241 1422 clarens,

426 1423 565 1463 Purgata
589 1428 695 1457 mente
719 1433 769 1457 me
794 1426 898 1458 salvat
920 1429 953 1457 te
978 1426 1125 1462 faciente.

426 1470 475 1501 Tu
500 1472 677 1514 salvatoris,
707 1472 814 1513 gladio
839 1472 994 1506 transfixa
1020 1475 1150 1517 doloris,

428 1517 531 1549 Carne
555 1518 613 1550 sub
638 1519 775 1551 humana
798 1521 960 1560 procantis
985 1523 1119 1555 vulnera
1141 1533 1228 1558 sana.

426 1564 553 1597 Christo
579 1570 729 1606 surgente
752 1576 834 1600 nova
858 1569 975 1608 gaudia
1000 1573 1033 1601 te
1057 1571 1213 1614 capiente,

423 1611 474 1643 Sis
490 1612 671 1654 Dominum,
696 1623 779 1654 pura
801 1615 902 1658 virgo,
928 1625 987 1656 pro
1011 1627 1063 1650 me
1085 1619 1238 1657 petitura.

252 1693 320 1722 eod.
340 1693 435 1723 Palat.
458 1696 662 1724 Vindobonen.
682 1696 768 1726 4444.
788 1706 864 1726 saec.
888 1698 931 1727 15.

607 1843 668 1877 190.
695 1845 738 1877 De
759 1846 853 1878 beata
872 1847 973 1879 Maria
994 1849 1032 1882 V.

187 1933 216 1966 1,
244 1932 422 1964 Virtutibus
446 1933 628 1977 laudabilis,
863 1939 894 1971 3.
922 1939 1069 1972 Potentia
1093 1941 1261 1979 terribilis,

242 1978 386 2011 Moribus
413 1981 682 2023 commendabilis,
919 1986 1055 2019 Actibus
1081 1987 1314 2030 profamabiliS‚

243 2025 356 2065 Specie
380 2029 594 2068 peramabilis,
920 2034 1089 2067 Miraculis
1114 2037 1281 2077 mirabiliS,

183 2104 214 2136 2,
239 2101 384 2133 Puritate
407 2102 555 2144 legibilis‚
864 2110 896 2141 4.
923 2109 1040 2151 Maria,
1066 2120 1140 2144 earo
1165 2113 1294 2155 nobilis,

241 2148 344 2180 Carne
370 2149 602 2191 desiderabilis,
918 2155 1001 2189 Esse
1027 2159 1116 2191 carni
1140 2161 1188 2191 sic
1208 2161 1297 2193 utilis

240 2195 365 2228 Genere
389 2197 590 2239 venerabilis,
918 2203 1017 2247 Velis,
1042 2207 1127 2247 quod
1153 2217 1213 2248 per
1237 2210 1269 2240 te
1294 2209 1403 2243 labilis

544 2293 575 2325 5.
601 2292 739 2332 Spiritus
764 2293 930 2328 infinibilis

601 2339 743 2373 Tandem
770 2343 926 2375 reddatur
950 2344 1079 2379 humilis

598 2387 649 2419 Ac
672 2388 741 2421 Deo
766 2391 983 2431 acceptabilis,

242 2469 311 2499 Cod.
331 2471 426 2499 Palat.
447 2471 650 2500 Vindobonen.
669 2471 718 2508 (ol.
740 2472 888 2511 Campen.)
907 2473 973 2504 883.
994 2486 1070 2506 saec.
1093 2477 1167 2508 ¹4l15.
