1651 2700
153 208 185 239 9.

679 115 911 151 -25-

214 207 263 238 Tu
289 216 322 239 es
348 210 458 242 mundi
484 211 645 252 gaudium,

268 254 419 288 Caritatis
444 259 564 299 regula,

217 302 265 334 Tu
292 304 406 336 chorus
433 307 626 349 caelestium,

263 352 451 384 Aromatum
475 355 609 395 virgula.

842 216 896 247 10.

924 214 974 246 Sit
996 214 1067 255 tibi,
1089 211 1147 245 flos
1172 212 1321 254 omnium,

971 261 1068 302 Virgo
1094 261 1162 292 sine
1186 260 1321 304 macula,

923 309 1036 341 Honor
1061 311 1094 341 et
1115 308 1283 348 imperium

971 358 1035 390 Per
1057 356 1163 388 omnia
1186 356 1321 388 saecula.

221 425 301 454 Orat.
331 436 385 455 ms.
410 428 523 456 Domus
549 430 652 457 Novae
678 431 767 458 Lucis
799 433 868 458 anni
896 429 978 458 1477.
1026 430 1095 459 Cod.
1122 430 1307 458 Ultraieetin.
1335 431 1452 466 Scriptt.

142 464 223 492 Ecel.
244 462 309 492 375.
329 481 366 485 —
388 465 413 498 5,
437 465 452 494 1
474 469 551 503 regis
573 470 682 504 sponsi.

599 599 640 629 14.
675 598 718 630 De
737 599 832 630 beata
852 599 950 631 Maria
971 600 1005 631 V.

564 679 612 711 ΗΟ
638 681 718 718 Ave,
747 681 860 720 dulcis,
887 689 946 712 ave
969 681 1032 723 pia,

636 726 739 758 Plena
762 728 867 767 gratia
891 728 1006 762 Maria.

155 791 185 824 1.
211 788 264 825 Ab
286 795 416 823 aeterno
441 796 644 834 praeparata,

159 1214 177 1246 02

214 839 313 870 Verbi
338 839 399 871 Dei
423 843 526 872 mater
549 843 651 881 grata,

217 886 279 918 Per
303 887 477 927 prophetas
502 888 656 932 nuntiata,

264 934 349 967 Caeli
374 935 479 976 ianua,
507 936 624 969 Maria.

182 1029 189 1035 .
217 998 395 1035 Benedicta
419 1003 628 1043 praedicaris,

217 1052 396 1089 Antequam
421 1050 621 1092 concipiatis,

216 1098 317 1130 Utero
343 1096 552 1129 sanctificaris

263 1146 378 1177 Annae
401 1146 523 1186 matris,
551 1155 568 1177 o
592 1146 707 1178 Maria.

183 1238 190 1244 .
214 1210 395 1245 caelibatus
418 1213 602 1256 honestatis,

217 1260 353 1293 Habitus
378 1260 567 1292 humilitatis

217 1308 284 1340 Deo
309 1308 440 1347 placent
463 1309 636 1340 maiestatis

264 1355 368 1395 Super
393 1365 501 1387 omnes
525 1356 557 1387 in
583 1356 698 1388 Maria.

216 1419 329 1454 Defert
360 1423 490 1463 angelus
515 1432 612 1455 suave

216 1469 284 1501 Deo
309 1470 438 1502 missum
463 1471 545 1502 illud
567 1470 648 1510 Ave,

218 1518 280 1550 Per
306 1518 390 1557 quod
414 1518 505 1550 Evae
528 1518 634 1559 iugum
659 1527 756 1559 grave

263 1565 439 1597 Relaxatur
464 1566 497 1597 in
521 1566 638 1600 Maria.

183 1659 189 1666 .
218 1630 400 1667 Erubescat
422 1643 508 1665 nunc
529 1636 653 1672 natura,

214 1680 270 1713 Fit
295 1683 420 1713 creator
445 1684 602 1724 creatura,

217 1729 280 1761 Vili
305 1738 432 1761 mensus
458 1729 515 1762 sub
541 1739 690 1762 mensura

262 1777 364 1809 Homo
390 1777 477 1809 Deus
503 1778 543 1810 de
566 1778 682 1812 Maria.

182 1870 189 1877 .
219 1842 330 1879 Gestat
354 1845 441 1877 sinus
467 1845 643 1886 virginalis,

217 1894 315 1933 Quem
340 1903 404 1926 non
430 1893 516 1933 capit
539 1894 721 1937 mundialis,

218 1941 291 1973 Non
316 1943 367 1972 est
389 1950 527 1982 unquam
553 1940 656 1974 factus
682 1943 756 1974 talis

263 1989 334 2021 Nisi
359 1991 482 2021 tantum
506 1990 538 2021 in
563 1990 678 2024 Maria.

184 2083 191 2089 .
218 2053 305 2090 Hora
331 2058 443 2096 partus
465 2057 649 2089 imminente

215 2105 307 2138 Omni
331 2105 402 2146 lege
426 2107 630 2145 stupescente

216 2153 313 2194 Virgo
335 2153 421 2194 parit
443 2157 629 2187 remanente

265 2201 399 2242 Semper
423 2202 549 2243 virgine
571 2202 686 2236 Maria.

217 2268 256 2305 In
282 2279 438 2313 praesepe
464 2271 639 2304 collocatur

211 2320 257 2352 Et
280 2320 313 2351 in
338 2319 434 2352 caelis
460 2319 625 2360 adoratur,

213 2368 293 2401 Cum
318 2368 434 2400 iuentis
458 2368 631 2400 socimatur

257 2417 345 2450 Deus
371 2420 464 2450 natus
492 2417 533 2450 de
557 2417 672 2450 Maria.

867 795 896 827 9.

844 1004 895 1036 10.

843 1214 897 1246 11.

843 1426 898 1458 12.

843 1636 898 1669 13.

843 1849 897 1881 14.

844 2060 900 2092 15.

845 2272 899 2306 16.

925 791 1027 828 Kanit
1052 795 1165 826 chorus
1191 795 1373 835 angelorum

926 841 1029 881 Super
1054 842 1178 882 vigilias
1202 845 1376 882 pastorum,

924 889 1044 921 Natum
1068 890 1215 922 nuntiant
1241 890 1389 922 decorum

971 938 1075 969 Iesum
1093 937 1253 969 Christum
1281 938 1321 969 de
1337 937 1452 970 Maria.

926 1001 1037 1037 Letum
1063 1003 1173 1035 mundi
1197 1004 1429 1043 terminantem,

924 1052 1026 1083 Lavat
1053 1050 1186 1083 crimina
1209 1051 1380 1090 lavantem,

924 1098 1037 1131 Gestat
1061 1098 1173 1132 vulnus
1199 1098 1401 1139 sagittantem

967 1146 1158 1179 Beatissima
1181 1146 1297 1178 Maria.

924 1211 1027 1247 Mater
1051 1216 1159 1246 natum
1188 1213 1404 1245 contrectabat

924 1262 973 1293 De
999 1270 1098 1301 eoque
1120 1270 1182 1293 non
1210 1261 1386 1303 dubitabat,

925 1309 1086 1349 Quidquid
1110 1311 1216 1340 mente
1241 1309 1410 1349 cogitabat,

973 1358 1106 1398 Semper
1129 1356 1216 1388 Deus
1243 1365 1312 1388 cum
1338 1356 1452 1389 Maria.

925 1422 1005 1458 Nam
1032 1433 1101 1456 cum
1126 1423 1212 1455 Deus
1238 1423 1427 1455 occurrebat

924 1472 1034 1504 Mente
1057 1480 1209 1512 praesens
1235 1474 1267 1502 et
1291 1471 1428 1512 vigebat,

924 1520 1023 1559 Quam
1048 1519 1191 1560 perscire
1219 1545 1225 1551 .
1255 1548 1261 1551 .
1286 1518 1385 1551 flebat

970 1567 1184 1608 Impensando
1213 1567 1253 1599 de
1276 1567 1393 1599 Maria.

927 1632 951 1669 Ο
978 1633 1112 1667 dulcedo
1135 1634 1315 1676 singularis,

926 1683 1013 1722 Quae
1029 1685 1075 1725 tu,
1102 1682 1201 1725 virgo,
1222 1682 1249 1713 si
1266 1681 1455 1714 membraris

924 1731 993 1763 Deo
1018 1735 1103 1768 nato,
1129 1730 1293 1770 virginalis

972 1779 1049 1811 Fuit
1077 1779 1219 1811 osculum
1244 1779 1360 1811 Maria.

924 1844 1025 1881 Paret
1044 1846 1108 1887 legi
1132 1846 1297 1887 legislator

926 1895 1137 1929 Circumcisus
1162 1899 1197 1926 ut
1221 1897 1380 1935 peccator,

924 1943 1011 1975 Deus
1037 1943 1080 1975 sit
1104 1942 1306 1982 propitiator,

972 1991 1059 2024 Deus
1084 1993 1203 2033 noster,
1230 2000 1247 2023 o
1272 1991 1388 2024 Maria.

928 2056 1092 2097 Quaerunt
1114 2066 1205 2099 reges
1224 2066 1331 2099 regem
1348 2060 1455 2090 natum

925 2106 1026 2139 Stella
1052 2108 1133 2140 duce
1157 2107 1343 2147 revelatum,

924 2155 1138 2194 Muneratum,
1164 2155 1332 2187 adoratum

970 2204 1008 2236 In
1034 2206 1198 2236 aeternum
1225 2212 1295 2235 cum
1319 2202 1437 2236 Maria.

926 2268 1005 2305 Rite
1030 2279 1105 2313 ergo
1130 2270 1285 2313 expiatur,

928 2320 1007 2353 Cum
1032 2320 1066 2351 in
1086 2319 1205 2359 templo
1223 2319 1454 2359 praesentatur,

925 2368 1053 2401 Simeon
1080 2366 1318 2407 congratulatur

972 2417 1022 2450 De
1046 2415 1202 2457 promisso
1229 2423 1299 2446 cum
1322 2414 1438 2448 Maria.
