1651 2700
116 205 172 238 15.

122 500 177 534 16.

125 797 180 831 17.

129 1141 184 1174 18.

128 1437 184 1471 19.

127 1735 183 1768 20.

628 114 888 151 ——213—

200 206 291 239 Haec
314 206 347 238 in
374 206 499 241 Galaad
525 210 632 243 resina

198 254 306 293 Atque
331 263 447 287 sanans
471 256 505 289 in
529 258 664 301 piscina,

246 301 336 341 Quae
361 302 479 335 dicitur
502 305 680 347 probatica,

200 347 265 380 Hic
278 351 369 382 trans
378 351 496 383 vitrum
505 351 611 385 lumen
620 354 735 395 tendit,

200 395 292 428 Haec
310 401 360 429 est
376 399 474 439 scala,
493 408 556 438 qua
570 401 738 434 descendit

249 444 304 476 Ad
328 452 388 476 nos
412 445 476 478 Dei
501 449 614 487 gratia.

202 500 295 534 Haec
318 500 460 546 Abigail,
487 512 570 543 quae
594 505 662 545 regi

202 548 311 581 David
337 549 479 591 placens,
506 553 632 592 quando
650 553 739 593 gregi

252 596 360 629 Nabal
384 598 502 631 stultus
527 599 650 640 adfuit3

202 643 294 677 Haec
319 645 368 677 est
393 645 501 678 Aaron
528 647 663 688 virgula,

203 691 312 725 Mater
338 694 370 724 et
394 693 592 734 virguncula,

253 740 340 779 Quae
363 740 449 772 lacte
473 744 598 782 patrem
623 742 712 775 aluit.

206 796 297 830 Haec
324 797 364 829 de
388 797 474 830 Saba
498 801 547 830 est
570 801 726 838 matrona,

207 844 371 878 Salomoni
394 847 444 877 tot
468 846 548 878 dans
575 847 668 887 dona,

255 893 343 933 Quae
374 895 450 932 post
480 902 641 934 nunquam
674 895 743 927 visa

520 944 613 982 sunt;

207 987 300 1020 Haec
314 991 372 1028 est,
388 988 490 1021 virum
504 997 585 1028 quae
597 990 743 1032 nescivit,

210 1035 311 1076 Virgo
336 1038 463 1076 patrem
486 1037 671 1078 parturivit,

259 1083 284 1115 O
311 1092 405 1124 quam
430 1084 512 1116 mira
536 1084 598 1117 ista
623 1086 707 1119 sunt.

210 1139 302 1173 Haec
322 1142 371 1173 est
388 1140 466 1173 Sina
482 1150 573 1173 mons
589 1141 743 1186 sublimis,

208 1187 299 1220 Haec
316 1192 366 1220 est
381 1197 504 1221 summa
517 1192 647 1222 nectens
660 1190 744 1232 imis,

258 1237 344 1277 Axa,
371 1235 494 1277 Galeph
517 1235 600 1280 filia,

209 1283 300 1316 Haec
326 1284 485 1316 caelorum
511 1288 560 1316 est
584 1285 704 1326 regina,

208 1331 259 1364 De
285 1340 347 1371 qua
373 1333 459 1364 canit
484 1341 545 1365 vox
573 1332 696 1365 divina:

257 1380 338 1423 Ave,
367 1380 464 1419 plena
486 1380 600 1421 gratia.

210 1434 302 1469 Haec
319 1440 368 1468 est
383 1445 512 1478 parens,
531 1445 612 1477 quae
627 1436 745 1469 doloris

210 1484 339 1517 Prolem
363 1483 519 1517 transfert
543 1487 575 1516 et
590 1486 746 1518 maeroris

256 1531 381 1564 Benoni
407 1534 440 1564 et
463 1532 648 1573 Beniamin3

213 1578 303 1612 Haec
320 1583 370 1612 est
385 1580 485 1622 virgo,
504 1589 598 1620 quam
615 1580 750 1613 vallavit

211 1627 359 1661 Christus
383 1627 471 1660 Deus
498 1630 530 1659 et
551 1628 672 1662 locavit

258 1676 371 1717 Longe
395 1685 494 1717 supra
521 1675 705 1709 Cherubim.

209 1732 301 1765 Haec
310 1734 483 1773 complevit
490 1734 747 1775 hocpromissum

209 1779 255 1813 Et
280 1781 401 1815 delevit
422 1782 488 1814 iam
511 1783 714 1815 commissum

261 1829 355 1861 Adae
378 1830 482 1861 nostri
506 1830 647 1870 seminis,

213 1880 277 1912 Per
302 1877 385 1909 hanc
401 1876 505 1909 victor
523 1880 571 1909 est
590 1877 744 1922 devictus,

211 1925 258 1959 Et
282 1925 435 1957 seductor
460 1927 510 1957 est
533 1925 694 1968 seductus,

264 1973 388 2006 Auctor
413 1973 470 2004 ille
493 1973 635 2007 sceleris.

806 212 861 246 21.

810 517 866 550 22.

812 820 867 852 23.

818 1123 876 1156 24.

817 1429 874 1462 25.

818 1735 874 1767 26.

889 213 957 245 Ista
980 211 1072 245 nobis
1096 212 1288 254 propalavit,

889 259 979 298 Quod
1004 263 1069 292 tam
1094 260 1188 301 longe
1212 260 1420 301 prophetavit

937 308 1047 348 Amos,
1072 307 1167 340 Ionas
1192 310 1226 338 et
1248 307 1335 348 Ioel;

892 354 956 387 Ora
981 355 1095 388 clausit
1118 354 1358 396 prophetarum,

890 400 985 435 Dona
1012 402 1102 436 dedit
1126 402 1309 444 gratiarum,

937 450 1035 492 Ecce,
1060 451 1114 482 hic
1137 449 1337 483 Emmanuel.

894 515 969 560 Sile,
1000 517 1069 558 sile,
1094 517 1235 558 Moyses,

892 561 1042 605 Ieremia,
1068 573 1148 605 puer
1174 572 1218 604 65,

942 611 1054 645 Nescis
1079 611 1166 652 loqui
1189 612 1304 652 plane;

893 657 1054 702 Ezechiel,
1081 660 1157 700 quid
1182 659 1275 699 agis?

891 705 1061 739 Immundo
1085 715 1170 747 pane
1193 707 1343 747 vesceris,

941 754 1024 786 Nam
1048 755 1222 794 prophetas
1247 763 1338 788 vane.

894 819 994 851 Isaiae
1020 819 1146 860 nobilis,

899 866 1043 899 Pollutus
1069 876 1102 899 es
1127 867 1232 907 labiis,

946 914 1019 947 Non
1043 917 1135 955 potes
1159 916 1375 957 prophetare3

898 960 1025 1001 Daniel,
1052 965 1088 994 tu
1112 963 1218 1003 sileas,

899 1009 1080 1042 Somniator
1103 1008 1207 1042 factus
1233 1019 1276 1051 es,

946 1056 1060 1089 Nescis
1085 1057 1229 1098 vigilare.

902 1122 983 1155 Osee
1008 1122 1212 1164 fornicariae,

899 1170 972 1203 Non
999 1170 1208 1211 prophetabis
1234 1171 1381 1212 amplius,

947 1218 1021 1251 Dux
1037 1222 1165 1258 praesto
1184 1221 1232 1250 est
1247 1219 1281 1250 in
1294 1216 1428 1252 foribus.

901 1265 1080 1298 Sicomoros
1105 1266 1238 1299 bellicas

900 1313 999 1345 Amos
1023 1313 1104 1345 nihil
1128 1314 1313 1357 prophetas,

947 1361 1042 1401 Ecce,
1068 1362 1158 1394 venit
1181 1361 1347 1393 Dominus.

901 1427 946 1460 Ut
971 1428 1047 1468 quid
1072 1428 1167 1467 plura
1193 1428 1344 1470 dicerem,

901 1475 1041 1515 Tempus
1067 1476 1194 1515 quidem
1219 1476 1390 1517 vincerem,

949 1523 985 1555 81
1011 1523 1123 1556 vellem
1149 1523 1318 1563 meditare,

901 1570 992 1610 Quod
1018 1571 1059 1603 de
1082 1573 1185 1603 matre
1209 1572 1322 1611 sentio,

903 1617 1026 1651 Olaudo
1055 1618 1113 1650 sub
1140 1619 1340 1659 compendio,

949 1666 1013 1699 Sed
1038 1666 1111 1698 nolo
1136 1667 1318 1699 terminare.

899 1733 998 1774 Ergo,
1024 1736 1137 1775 mater,
1164 1734 1271 1774 proles
1298 1734 1386 1766 cuius

899 1782 1017 1815 Mundi
1041 1782 1149 1814 vincla
1172 1782 1271 1815 solvit
1294 1782 1399 1824 buius,

949 1830 1013 1863 Pro
1038 1838 1090 1861 me
1114 1839 1192 1871 roga
1216 1829 1327 1870 filium,

901 1877 1026 1910 Nomen
1049 1886 1154 1909 meum
1178 1879 1230 1909 tus
1254 1880 1286 1910 et
1301 1877 1410 1919 robur,

902 1925 952 1957 Tu
977 1925 1146 1967 saphyrus,
1174 1925 1285 1970 iaspis,
1313 1925 1401 1967 ebur,

951 1972 1131 2013 sponsique
1154 1973 1339 2008 triclinium.

193 2039 264 2069 Cod.
278 2038 443 2067 Londinen.
458 2039 531 2075 Reg.
547 2038 564 2066 7
578 2039 604 2067 A
617 2037 668 2068 VI.
690 2048 766 2068 saec.
782 2037 856 2068 ¹4l15.
871 2053 909 2059 -—
928 2037 955 2074 6,
970 2037 988 2066 2
1009 2039 1138 2075 Sengor3
1160 2040 1190 2067 et
1202 2039 1283 2067 fehlt.
1300 2054 1338 2059 —
1361 2038 1404 2075 15,
1421 2039 1436 2067 1

116 2078 231 2108 Galaad
246 2080 292 2106 est
301 2079 420 2115 regina3
434 2078 485 2106 cfr.
495 2078 600 2106 Ierem.
611 2076 639 2113 8,
651 2075 697 2106 22.
708 2093 745 2098 —-
758 2077 843 2107 Nach
857 2076 902 2113 26,
913 2076 933 2105 4
947 2078 1038 2106 heisst
1051 2077 1102 2106 der
1112 2077 1236 2106 Dichter
1248 2079 1323 2108 Rob
1331 2081 1409 2106 ertu
1415 2087 1438 2106 5.

566 2191 627 2223 167.
656 2189 701 2222 De
720 2190 817 2223 beata
836 2188 938 2222 Maria
956 2189 994 2221 V.

130 2264 164 2299 1.
191 2262 314 2297 Summi
336 2241 422 2303 regis

236 2313 341 2344 mater
366 2313 400 2343 et
422 2309 501 2353 filia,

187 2361 257 2394 Tuo
285 2359 417 2393 vincens

236 2408 377 2442 candore
401 2408 481 2450 lilia,

881 2259 1013 2295 Infinita

928 2309 1087 2350 plaudens
1111 2308 1247 2351 laetitia,

879 2358 926 2390 Te
952 2357 1098 2391 caelestis

926 2405 1065 2439 honorat
1089 2405 1186 2438 curia.
