<?xml version="1.0" encoding="UTF-8"?>
<!DOCTYPE html PUBLIC "-//W3C//DTD XHTML 1.0 Transitional//EN"
    "http://www.w3.org/TR/xhtml1/DTD/xhtml1-transitional.dtd">
<html xmlns="http://www.w3.org/1999/xhtml" xml:lang="en" lang="en">
 <head>
  <title>
</title>
<meta http-equiv="Content-Type" content="text/html;charset=utf-8" />
  <meta name='ocr-system' content='tesseract 3.04.00' />
  <meta name='ocr-capabilities' content='ocr_page ocr_carea ocr_par ocr_line ocrx_word'/>
</head>
<body>
  <div class='ocr_page' id='page_1' title='image "./analectahymnica32drevuoft_00149.png"; bbox 0 0 1651 2700; ppageno 0'>
   <div class='ocr_carea' id='block_1_1' title="bbox 724 143 985 178">
    <p class='ocr_par' dir='ltr' id='par_1_1' title="bbox 724 143 985 178">
     <span class='ocr_line' id='line_1_1' title="bbox 724 143 985 178; baseline 0.008 -2"><span class='ocrx_word' id='word_1_1' title='bbox 724 143 985 178; x_wconf 82' lang='lat'>-146—</span> 
     </span>
    </p>
   </div>
   <div class='ocr_carea' id='block_1_2' title="bbox 612 238 1105 460">
    <p class='ocr_par' dir='ltr' id='par_1_2' title="bbox 612 238 1105 460">
     <span class='ocr_line' id='line_1_2' title="bbox 614 238 1097 278; baseline -0.008 -5"><span class='ocrx_word' id='word_1_2' title='bbox 614 242 677 273; x_wconf 87' lang='lat' dir='ltr'>Per</span> <span class='ocrx_word' id='word_1_3' title='bbox 700 238 786 271; x_wconf 82' lang='lat' dir='ltr'>illius</span> <span class='ocrx_word' id='word_1_4' title='bbox 810 248 867 271; x_wconf 91' lang='lat' dir='ltr'>nos</span> <span class='ocrx_word' id='word_1_5' title='bbox 893 238 1097 278; x_wconf 84' lang='lat' dir='ltr'>splendorem</span> 
     </span>
     <span class='ocr_line' id='line_1_3' title="bbox 612 286 1038 326; baseline -0.007 -6"><span class='ocrx_word' id='word_1_6' title='bbox 612 288 657 319; x_wconf 83' lang='lat' dir='ltr'>Et</span> <span class='ocrx_word' id='word_1_7' title='bbox 679 294 828 326; x_wconf 80' lang='lat' dir='ltr'>saporem</span> <span class='ocrx_word' id='word_1_8' title='bbox 852 288 885 318; x_wconf 82' lang='lat' dir='ltr'>et</span> <span class='ocrx_word' id='word_1_9' title='bbox 907 286 1038 318; x_wconf 79' lang='lat' dir='ltr'>odorem</span> 
     </span>
     <span class='ocr_line' id='line_1_4' title="bbox 612 333 1070 373; baseline -0.007 -7"><span class='ocrx_word' id='word_1_10' title='bbox 612 334 683 366; x_wconf 88' lang='lat' dir='ltr'>Duc</span> <span class='ocrx_word' id='word_1_11' title='bbox 707 333 750 365; x_wconf 88' lang='lat' dir='ltr'>ad</span> <span class='ocrx_word' id='word_1_12' title='bbox 774 333 873 365; x_wconf 88' lang='lat' dir='ltr'>vitam</span> <span class='ocrx_word' id='word_1_13' title='bbox 897 333 1070 373; x_wconf 86' lang='lat' dir='ltr'>meliorem,</span> 
     </span>
     <span class='ocr_line' id='line_1_5' title="bbox 613 380 1105 420; baseline -0.004 -7"><span class='ocrx_word' id='word_1_14' title='bbox 613 381 752 420; x_wconf 75' lang='lat' dir='ltr'>Quorum</span> <span class='ocrx_word' id='word_1_15' title='bbox 776 389 846 413; x_wconf 85' lang='lat' dir='ltr'>esse</span> <span class='ocrx_word' id='word_1_16' title='bbox 867 380 1105 420; x_wconf 69' lang='lat' dir='ltr'>redemptorem</span> 
     </span>
     <span class='ocr_line' id='line_1_6' title="bbox 660 428 1095 460; baseline 0 0"><span class='ocrx_word' id='word_1_17' title='bbox 660 428 732 460; x_wconf 88' lang='lat' dir='ltr'>Non</span> <span class='ocrx_word' id='word_1_18' title='bbox 756 428 842 460; x_wconf 82' lang='lat' dir='ltr'>sinas</span> <span class='ocrx_word' id='word_1_19' title='bbox 870 428 1095 460; x_wconf 86' lang='lat' dir='ltr'><strong>immemorem.</strong></span> 
     </span>
    </p>
   </div>
   <div class='ocr_carea' id='block_1_3' title="bbox 281 490 951 530">
    <p class='ocr_par' dir='ltr' id='par_1_3' title="bbox 281 490 951 530">
     <span class='ocr_line' id='line_1_7' title="bbox 281 490 951 530; baseline -0.007 -6"><span class='ocrx_word' id='word_1_20' title='bbox 281 496 350 524; x_wconf 83' lang='lat' dir='ltr'>Coti.</span> <span class='ocrx_word' id='word_1_21' title='bbox 371 495 525 524; x_wconf 82' lang='lat' dir='ltr'>Londinen</span> <span class='ocrx_word' id='word_1_22' title='bbox 544 495 615 530; x_wconf 85' lang='lat' dir='ltr'>Reg.</span> <span class='ocrx_word' id='word_1_23' title='bbox 636 492 653 521; x_wconf 87' lang='lat'><strong>7</strong></span> <span class='ocrx_word' id='word_1_24' title='bbox 673 494 700 521; x_wconf 88' lang='lat' dir='ltr'>A</span> <span class='ocrx_word' id='word_1_25' title='bbox 719 493 762 521; x_wconf 83' lang='lat' dir='ltr'>VI</span> <span class='ocrx_word' id='word_1_26' title='bbox 781 501 857 521; x_wconf 82' lang='lat' dir='ltr'>saec.</span> <span class='ocrx_word' id='word_1_27' title='bbox 877 490 951 521; x_wconf 74' lang='lat'><strong>14115.</strong></span> 
     </span>
    </p>
   </div>
   <div class='ocr_carea' id='block_1_4' title="bbox 635 602 1060 635">
    <p class='ocr_par' dir='ltr' id='par_1_4' title="bbox 635 602 1060 635">
     <span class='ocr_line' id='line_1_8' title="bbox 635 602 1060 635; baseline -0.002 0"><span class='ocrx_word' id='word_1_28' title='bbox 635 603 697 635; x_wconf 91' lang='grc'><strong>100.</strong></span> <span class='ocrx_word' id='word_1_29' title='bbox 726 603 770 635; x_wconf 89' lang='lat' dir='ltr'>De</span> <span class='ocrx_word' id='word_1_30' title='bbox 789 603 884 635; x_wconf 81' lang='lat' dir='ltr'>beata</span> <span class='ocrx_word' id='word_1_31' title='bbox 903 602 1006 635; x_wconf 79' lang='lat' dir='ltr'>Maria</span> <span class='ocrx_word' id='word_1_32' title='bbox 1025 603 1060 634; x_wconf 90' lang='lat' dir='ltr'>V.</span> 
     </span>
    </p>
   </div>
   <div class='ocr_carea' id='block_1_5' title="bbox 213 681 1424 1064">
    <p class='ocr_par' dir='ltr' id='par_1_5' title="bbox 217 681 1404 865">
     <span class='ocr_line' id='line_1_9' title="bbox 217 681 1323 723; baseline -0.004 -6"><span class='ocrx_word' id='word_1_33' title='bbox 217 683 247 717; x_wconf 85' lang='lat'>1.</span> <span class='ocrx_word' id='word_1_34' title='bbox 275 685 300 717; x_wconf 95' lang='grc' dir='ltr'><strong>Ο</strong></span> <span class='ocrx_word' id='word_1_35' title='bbox 327 683 459 723; x_wconf 85' lang='lat' dir='ltr'>insignis</span> <span class='ocrx_word' id='word_1_36' title='bbox 484 691 599 723; x_wconf 85' lang='lat' dir='ltr'>sponsa</span> <span class='ocrx_word' id='word_1_37' title='bbox 623 682 695 723; x_wconf 86' lang='lat' dir='ltr'>Dei,</span> <span class='ocrx_word' id='word_1_38' title='bbox 896 685 927 717; x_wconf 84' lang='lat'>3.</span> <span class='ocrx_word' id='word_1_39' title='bbox 952 683 1127 716; x_wconf 83' lang='lat' dir='ltr'>Paradisus</span> <span class='ocrx_word' id='word_1_40' title='bbox 1149 681 1323 722; x_wconf 83' lang='lat' dir='ltr'>voluptatis</span> 
     </span>
     <span class='ocr_line' id='line_1_10' title="bbox 272 729 1335 772; baseline -0.002 -10"><span class='ocrx_word' id='word_1_41' title='bbox 272 731 378 763; x_wconf 83' lang='lat' dir='ltr'>Mater</span> <span class='ocrx_word' id='word_1_42' title='bbox 402 730 485 762; x_wconf 86' lang='lat' dir='ltr'>alma</span> <span class='ocrx_word' id='word_1_43' title='bbox 508 732 638 762; x_wconf 85' lang='lat' dir='ltr'>sanctae</span> <span class='ocrx_word' id='word_1_44' title='bbox 661 730 740 771; x_wconf 87' lang='lat' dir='ltr'>spei,</span> <span class='ocrx_word' id='word_1_45' title='bbox 952 731 1054 772; x_wconf 84' lang='lat' dir='ltr'>Aquis</span> <span class='ocrx_word' id='word_1_46' title='bbox 1079 730 1164 764; x_wconf 81' lang='lat' dir='ltr'>vitae</span> <span class='ocrx_word' id='word_1_47' title='bbox 1188 729 1335 772; x_wconf 87' lang='lat' dir='ltr'>irriguus,</span> 
     </span>
     <span class='ocr_line' id='line_1_11' title="bbox 272 775 1336 819; baseline 0.001 -11"><span class='ocrx_word' id='word_1_48' title='bbox 272 778 407 818; x_wconf 84' lang='lat' dir='ltr'><strong>Lignum</strong></span> <span class='ocrx_word' id='word_1_49' title='bbox 433 777 517 809; x_wconf 82' lang='lat' dir='ltr'>vitae</span> <span class='ocrx_word' id='word_1_50' title='bbox 540 775 722 819; x_wconf 85' lang='lat' dir='ltr'>almifluum,</span> <span class='ocrx_word' id='word_1_51' title='bbox 951 778 1039 811; x_wconf 80' lang='lat' dir='ltr'>Fons</span> <span class='ocrx_word' id='word_1_52' title='bbox 1063 778 1160 810; x_wconf 82' lang='lat' dir='ltr'>totius</span> <span class='ocrx_word' id='word_1_53' title='bbox 1183 776 1336 810; x_wconf 75' lang='lat' dir='ltr'>bonitatis</span> 
     </span>
     <span class='ocr_line' id='line_1_12' title="bbox 272 822 1404 865; baseline 0.001 -8"><span class='ocrx_word' id='word_1_54' title='bbox 272 826 397 858; x_wconf 80' lang='lat' dir='ltr'>sertum</span> <span class='ocrx_word' id='word_1_55' title='bbox 421 822 527 856; x_wconf 87' lang='lat' dir='ltr'>ferens</span> <span class='ocrx_word' id='word_1_56' title='bbox 551 825 768 865; x_wconf 79' lang='lat' dir='ltr'>praecipuum.</span> <span class='ocrx_word' id='word_1_57' title='bbox 952 825 1053 858; x_wconf 81' lang='lat' dir='ltr'>Lacte</span> <span class='ocrx_word' id='word_1_58' title='bbox 1078 828 1110 857; x_wconf 83' lang='lat' dir='ltr'>et</span> <span class='ocrx_word' id='word_1_59' title='bbox 1132 824 1228 857; x_wconf 87' lang='lat' dir='ltr'>melle</span> <span class='ocrx_word' id='word_1_60' title='bbox 1252 823 1404 865; x_wconf 81' lang='lat' dir='ltr'>profluus.</span> 
     </span>
    </p>

    <p class='ocr_par' dir='ltr' id='par_1_6' title="bbox 213 881 1424 1064">
     <span class='ocr_line' id='line_1_13' title="bbox 213 881 1364 923; baseline -0.001 -9"><span class='ocrx_word' id='word_1_61' title='bbox 213 884 246 914; x_wconf 82' lang='lat'>2.</span> <span class='ocrx_word' id='word_1_62' title='bbox 276 882 418 914; x_wconf 77' lang='lat' dir='ltr'>Ostende</span> <span class='ocrx_word' id='word_1_63' title='bbox 441 881 533 914; x_wconf 91' lang='lat' dir='ltr'>nobis</span> <span class='ocrx_word' id='word_1_64' title='bbox 557 882 681 914; x_wconf 82' lang='lat' dir='ltr'>sobrias</span> <span class='ocrx_word' id='word_1_65' title='bbox 896 882 930 915; x_wconf 85' lang='lat'>4.</span> <span class='ocrx_word' id='word_1_66' title='bbox 957 883 1041 915; x_wconf 88' lang='lat' dir='ltr'>Puro</span> <span class='ocrx_word' id='word_1_67' title='bbox 1066 884 1161 923; x_wconf 85' lang='lat' dir='ltr'>lacte,</span> <span class='ocrx_word' id='word_1_68' title='bbox 1186 882 1241 923; x_wconf 90' lang='lat' dir='ltr'>pio</span> <span class='ocrx_word' id='word_1_69' title='bbox 1267 882 1364 914; x_wconf 91' lang='lat' dir='ltr'>melle</span> 
     </span>
     <span class='ocr_line' id='line_1_14' title="bbox 273 928 1424 973; baseline 0.001 -13"><span class='ocrx_word' id='word_1_70' title='bbox 273 928 388 968; x_wconf 88' lang='lat' dir='ltr'>Sponsi</span> <span class='ocrx_word' id='word_1_71' title='bbox 413 931 444 961; x_wconf 83' lang='lat' dir='ltr'>et</span> <span class='ocrx_word' id='word_1_72' title='bbox 467 937 603 969; x_wconf 82' lang='lat' dir='ltr'>sponsae</span> <span class='ocrx_word' id='word_1_73' title='bbox 628 929 765 973; x_wconf 84' lang='lat' dir='ltr'>nuptias,</span> <span class='ocrx_word' id='word_1_74' title='bbox 954 930 1073 962; x_wconf 86' lang='lat' dir='ltr'>Nostra</span> <span class='ocrx_word' id='word_1_75' title='bbox 1096 929 1269 962; x_wconf 87' lang='lat' dir='ltr'>infundens</span> <span class='ocrx_word' id='word_1_76' title='bbox 1291 932 1424 970; x_wconf 80' lang='lat' dir='ltr'>pectora</span> 
     </span>
     <span class='ocr_line' id='line_1_15' title="bbox 273 976 1393 1017; baseline 0.001 -9"><span class='ocrx_word' id='word_1_77' title='bbox 273 976 311 1008; x_wconf 89' lang='lat' dir='ltr'>In</span> <span class='ocrx_word' id='word_1_78' title='bbox 335 976 393 1008; x_wconf 85' lang='lat' dir='ltr'>illa</span> <span class='ocrx_word' id='word_1_79' title='bbox 419 976 504 1008; x_wconf 89' lang='lat' dir='ltr'>dulci</span> <span class='ocrx_word' id='word_1_80' title='bbox 526 978 632 1015; x_wconf 86' lang='lat' dir='ltr'>patria</span> <span class='ocrx_word' id='word_1_81' title='bbox 953 977 1022 1010; x_wconf 86' lang='lat' dir='ltr'>Fac</span> <span class='ocrx_word' id='word_1_82' title='bbox 1045 985 1102 1010; x_wconf 84' lang='lat' dir='ltr'>nos</span> <span class='ocrx_word' id='word_1_83' title='bbox 1126 979 1197 1017; x_wconf 87' lang='lat' dir='ltr'>pios</span> <span class='ocrx_word' id='word_1_84' title='bbox 1222 977 1292 1009; x_wconf 90' lang='lat' dir='ltr'>sine</span> <span class='ocrx_word' id='word_1_85' title='bbox 1316 976 1393 1009; x_wconf 84' lang='lat' dir='ltr'>felle</span> 
     </span>
     <span class='ocr_line' id='line_1_16' title="bbox 270 1022 1372 1064; baseline 0.004 -10"><span class='ocrx_word' id='word_1_86' title='bbox 270 1022 391 1055; x_wconf 82' lang='lat' dir='ltr'>Fructu</span> <span class='ocrx_word' id='word_1_87' title='bbox 416 1024 501 1055; x_wconf 88' lang='lat' dir='ltr'>vitae</span> <span class='ocrx_word' id='word_1_88' title='bbox 525 1033 582 1056; x_wconf 92' lang='lat' dir='ltr'>nos</span> <span class='ocrx_word' id='word_1_89' title='bbox 608 1024 700 1057; x_wconf 83' lang='lat' dir='ltr'>satia.</span> <span class='ocrx_word' id='word_1_90' title='bbox 952 1025 997 1057; x_wconf 85' lang='lat' dir='ltr'>Et</span> <span class='ocrx_word' id='word_1_91' title='bbox 1020 1034 1118 1064; x_wconf 88' lang='lat' dir='ltr'>puros</span> <span class='ocrx_word' id='word_1_92' title='bbox 1144 1026 1214 1057; x_wconf 90' lang='lat' dir='ltr'>sine</span> <span class='ocrx_word' id='word_1_93' title='bbox 1237 1025 1372 1058; x_wconf 80' lang='lat' dir='ltr'>macula.</span> 
     </span>
    </p>
   </div>
   <div class='ocr_carea' id='block_1_6' title="bbox 553 1080 1066 1263">
    <p class='ocr_par' dir='ltr' id='par_1_7' title="bbox 553 1080 1066 1263">
     <span class='ocr_line' id='line_1_17' title="bbox 553 1080 1018 1124; baseline 0.002 -11"><span class='ocrx_word' id='word_1_94' title='bbox 553 1083 582 1114; x_wconf 88' lang='lat'>5.</span> <span class='ocrx_word' id='word_1_95' title='bbox 610 1080 696 1113; x_wconf 90' lang='lat' dir='ltr'>Deus</span> <span class='ocrx_word' id='word_1_96' title='bbox 721 1083 825 1122; x_wconf 82' lang='lat' dir='ltr'>pater,</span> <span class='ocrx_word' id='word_1_97' title='bbox 850 1080 938 1113; x_wconf 88' lang='lat' dir='ltr'>Deus</span> <span class='ocrx_word' id='word_1_98' title='bbox 961 1080 1018 1124; x_wconf 81' lang='lat' dir='ltr'>fili,</span> 
     </span>
     <span class='ocr_line' id='line_1_18' title="bbox 609 1127 1036 1172; baseline -0.002 -11"><span class='ocrx_word' id='word_1_99' title='bbox 609 1127 696 1161; x_wconf 89' lang='lat' dir='ltr'>Deus</span> <span class='ocrx_word' id='word_1_100' title='bbox 722 1128 885 1160; x_wconf 86' lang='lat' dir='ltr'>amborum</span> <span class='ocrx_word' id='word_1_101' title='bbox 911 1128 1036 1172; x_wconf 80' lang='lat' dir='ltr'>caritas,</span> 
     </span>
     <span class='ocr_line' id='line_1_19' title="bbox 611 1175 949 1208; baseline 0 -2"><span class='ocrx_word' id='word_1_102' title='bbox 611 1175 685 1207; x_wconf 86' lang='lat' dir='ltr'><strong>Tibi</strong></span> <span class='ocrx_word' id='word_1_103' title='bbox 709 1175 770 1207; x_wconf 88' lang='lat' dir='ltr'>soli</span> <span class='ocrx_word' id='word_1_104' title='bbox 793 1175 949 1208; x_wconf 80' lang='lat' dir='ltr'>laudabili</span> 
     </span>
     <span class='ocr_line' id='line_1_20' title="bbox 609 1221 1066 1263; baseline 0.002 -9"><span class='ocrx_word' id='word_1_105' title='bbox 609 1221 658 1254; x_wconf 85' lang='lat' dir='ltr'>Sit</span> <span class='ocrx_word' id='word_1_106' title='bbox 682 1223 783 1255; x_wconf 88' lang='lat' dir='ltr'>honor</span> <span class='ocrx_word' id='word_1_107' title='bbox 807 1225 902 1263; x_wconf 85' lang='lat' dir='ltr'>atque</span> <span class='ocrx_word' id='word_1_108' title='bbox 927 1222 1066 1255; x_wconf 79' lang='lat' dir='ltr'>claritas.</span> 
     </span>
    </p>
   </div>
   <div class='ocr_carea' id='block_1_7' title="bbox 273 1284 1225 1322">
    <p class='ocr_par' dir='ltr' id='par_1_8' title="bbox 273 1284 1225 1322">
     <span class='ocr_line' id='line_1_21' title="bbox 273 1284 1225 1322; baseline 0.003 -10"><span class='ocrx_word' id='word_1_109' title='bbox 273 1284 352 1313; x_wconf 80' lang='lat' dir='ltr'>Orat.</span> <span class='ocrx_word' id='word_1_110' title='bbox 374 1294 426 1314; x_wconf 84' lang='lat' dir='ltr'>ms.</span> <span class='ocrx_word' id='word_1_111' title='bbox 447 1286 626 1322; x_wconf 81' lang='lat' dir='ltr'>Tegurinum</span> <span class='ocrx_word' id='word_1_112' title='bbox 647 1288 717 1314; x_wconf 82' lang='lat' dir='ltr'>anm&#39;</span> <span class='ocrx_word' id='word_1_113' title='bbox 742 1285 824 1315; x_wconf 87' lang='lat'>1467.</span> <span class='ocrx_word' id='word_1_114' title='bbox 846 1288 918 1315; x_wconf 88' lang='lat' dir='ltr'>Clm.</span> <span class='ocrx_word' id='word_1_115' title='bbox 940 1289 1093 1316; x_wconf 85' lang='lat' dir='ltr'>Monacen.</span> <span class='ocrx_word' id='word_1_116' title='bbox 1118 1287 1152 1316; x_wconf 87' lang='lat'>19</span> <span class='ocrx_word' id='word_1_117' title='bbox 1161 1287 1225 1317; x_wconf 90' lang='lat'>991.</span> 
     </span>
    </p>
   </div>
   <div class='ocr_carea' id='block_1_8' title="bbox 639 1406 1061 1439">
    <p class='ocr_par' dir='ltr' id='par_1_9' title="bbox 639 1406 1061 1439">
     <span class='ocr_line' id='line_1_22' title="bbox 639 1406 1061 1439; baseline 0.005 -2"><span class='ocrx_word' id='word_1_118' title='bbox 639 1406 695 1438; x_wconf 92' lang='grc'><strong>101.</strong></span> <span class='ocrx_word' id='word_1_119' title='bbox 726 1406 771 1438; x_wconf 85' lang='lat' dir='ltr'>De</span> <span class='ocrx_word' id='word_1_120' title='bbox 791 1407 886 1438; x_wconf 85' lang='lat' dir='ltr'>beata</span> <span class='ocrx_word' id='word_1_121' title='bbox 904 1407 1007 1439; x_wconf 81' lang='lat' dir='ltr'>Maria</span> <span class='ocrx_word' id='word_1_122' title='bbox 1027 1408 1061 1439; x_wconf 90' lang='lat' dir='ltr'>V.</span> 
     </span>
    </p>
   </div>
   <div class='ocr_carea' id='block_1_9' title="bbox 212 1475 1464 1711">
    <p class='ocr_par' dir='ltr' id='par_1_10' title="bbox 212 1475 1464 1662">
     <span class='ocr_line' id='line_1_23' title="bbox 212 1475 1431 1520; baseline 0.002 -12"><span class='ocrx_word' id='word_1_123' title='bbox 212 1476 242 1508; x_wconf 88' lang='lat'>1.</span> <span class='ocrx_word' id='word_1_124' title='bbox 267 1475 291 1507; x_wconf 95' lang='lat' dir='ltr'>O</span> <span class='ocrx_word' id='word_1_125' title='bbox 317 1475 431 1516; x_wconf 79' lang='lat' dir='ltr'>Maria,</span> <span class='ocrx_word' id='word_1_126' title='bbox 459 1484 574 1515; x_wconf 83' lang='lat' dir='ltr'>expers</span> <span class='ocrx_word' id='word_1_127' title='bbox 597 1477 698 1517; x_wconf 87' lang='lat' dir='ltr'>paris,</span> <span class='ocrx_word' id='word_1_128' title='bbox 892 1479 923 1510; x_wconf 86' lang='lat'>2.</span> <span class='ocrx_word' id='word_1_129' title='bbox 951 1478 1069 1518; x_wconf 84' lang='lat' dir='ltr'>Stirpis</span> <span class='ocrx_word' id='word_1_130' title='bbox 1094 1478 1182 1511; x_wconf 88' lang='lat' dir='ltr'>Iesse</span> <span class='ocrx_word' id='word_1_131' title='bbox 1206 1479 1297 1520; x_wconf 84' lang='lat' dir='ltr'>virga</span> <span class='ocrx_word' id='word_1_132' title='bbox 1320 1478 1431 1512; x_wconf 86' lang='lat' dir='ltr'>florem</span> 
     </span>
     <span class='ocr_line' id='line_1_24' title="bbox 270 1523 1426 1568; baseline 0.005 -14"><span class='ocrx_word' id='word_1_133' title='bbox 270 1523 375 1561; x_wconf 79' lang='lat' dir='ltr'>Salve,</span> <span class='ocrx_word' id='word_1_134' title='bbox 400 1523 489 1562; x_wconf 82' lang='lat' dir='ltr'>virgo</span> <span class='ocrx_word' id='word_1_135' title='bbox 512 1523 693 1565; x_wconf 81' lang='lat' dir='ltr'>singularis,</span> <span class='ocrx_word' id='word_1_136' title='bbox 949 1525 1043 1568; x_wconf 73' lang='lat' dir='ltr'>EdiS,</span> <span class='ocrx_word' id='word_1_137' title='bbox 1065 1526 1162 1558; x_wconf 78' lang='lat' dir='ltr'>stella</span> <span class='ocrx_word' id='word_1_138' title='bbox 1185 1526 1288 1568; x_wconf 82' lang='lat' dir='ltr'>gignis</span> <span class='ocrx_word' id='word_1_139' title='bbox 1313 1528 1426 1566; x_wconf 84' lang='lat' dir='ltr'>solem,</span> 
     </span>
     <span class='ocr_line' id='line_1_25' title="bbox 271 1569 1464 1616; baseline 0.004 -14"><span class='ocrx_word' id='word_1_140' title='bbox 271 1571 384 1610; x_wconf 84' lang='lat' dir='ltr'>Pensa,</span> <span class='ocrx_word' id='word_1_141' title='bbox 410 1569 475 1610; x_wconf 88' lang='lat' dir='ltr'>pia,</span> <span class='ocrx_word' id='word_1_142' title='bbox 502 1571 587 1610; x_wconf 86' lang='lat' dir='ltr'>quod</span> <span class='ocrx_word' id='word_1_143' title='bbox 608 1572 732 1603; x_wconf 83' lang='lat' dir='ltr'>vocaris</span> <span class='ocrx_word' id='word_1_144' title='bbox 952 1573 1039 1605; x_wconf 82' lang='lat' dir='ltr'>Nata</span> <span class='ocrx_word' id='word_1_145' title='bbox 1063 1576 1199 1616; x_wconf 84' lang='lat' dir='ltr'>patrem,</span> <span class='ocrx_word' id='word_1_146' title='bbox 1225 1575 1317 1616; x_wconf 84' lang='lat' dir='ltr'>virgo</span> <span class='ocrx_word' id='word_1_147' title='bbox 1341 1575 1464 1616; x_wconf 88' lang='lat' dir='ltr'>prolem</span> 
     </span>
     <span class='ocr_line' id='line_1_26' title="bbox 268 1617 1403 1662; baseline 0.006 -14"><span class='ocrx_word' id='word_1_148' title='bbox 268 1617 366 1649; x_wconf 86' lang='lat' dir='ltr'>Porta</span> <span class='ocrx_word' id='word_1_149' title='bbox 391 1617 481 1657; x_wconf 84' lang='lat' dir='ltr'>caeli,</span> <span class='ocrx_word' id='word_1_150' title='bbox 506 1618 601 1649; x_wconf 86' lang='lat' dir='ltr'>stella</span> <span class='ocrx_word' id='word_1_151' title='bbox 624 1619 734 1660; x_wconf 72' lang='lat' dir='ltr'>maris,</span> <span class='ocrx_word' id='word_1_152' title='bbox 950 1621 994 1652; x_wconf 84' lang='lat' dir='ltr'>Et</span> <span class='ocrx_word' id='word_1_153' title='bbox 1015 1620 1050 1652; x_wconf 86' lang='lat' dir='ltr'>in</span> <span class='ocrx_word' id='word_1_154' title='bbox 1074 1624 1172 1662; x_wconf 78' lang='lat' dir='ltr'>partu</span> <span class='ocrx_word' id='word_1_155' title='bbox 1195 1622 1265 1654; x_wconf 77' lang='lat' dir='ltr'>sola,</span> <span class='ocrx_word' id='word_1_156' title='bbox 1287 1623 1403 1655; x_wconf 86' lang='lat' dir='ltr'>molem</span> 
     </span>
    </p>

    <p class='ocr_par' dir='ltr' id='par_1_11' title="bbox 314 1663 1396 1711">
     <span class='ocr_line' id='line_1_27' title="bbox 314 1663 1396 1711; baseline 0.01 -16"><span class='ocrx_word' id='word_1_157' title='bbox 314 1663 399 1696; x_wconf 86' lang='lat' dir='ltr'>Fons</span> <span class='ocrx_word' id='word_1_158' title='bbox 424 1664 672 1697; x_wconf 82' lang='lat' dir='ltr'>misericordiae.</span> <span class='ocrx_word' id='word_1_159' title='bbox 999 1667 1072 1700; x_wconf 83' lang='lat' dir='ltr'>Non</span> <span class='ocrx_word' id='word_1_160' title='bbox 1097 1670 1197 1702; x_wconf 82' lang='lat' dir='ltr'>sentis</span> <span class='ocrx_word' id='word_1_161' title='bbox 1221 1671 1396 1711; x_wconf 74' lang='lat' dir='ltr'>angustiae,</span> 
     </span>
    </p>
   </div>
   <div class='ocr_carea' id='block_1_10' title="bbox 550 1721 1107 1956">
    <p class='ocr_par' dir='ltr' id='par_1_12' title="bbox 550 1721 1107 1907">
     <span class='ocr_line' id='line_1_28' title="bbox 550 1721 1092 1769; baseline 0.006 -15"><span class='ocrx_word' id='word_1_162' title='bbox 550 1722 581 1754; x_wconf 80' lang='lat'>3.</span> <span class='ocrx_word' id='word_1_163' title='bbox 607 1721 706 1754; x_wconf 80' lang='lat' dir='ltr'>Placa</span> <span class='ocrx_word' id='word_1_164' title='bbox 729 1725 864 1762; x_wconf 74' lang='lat' dir='ltr'>patrem,</span> <span class='ocrx_word' id='word_1_165' title='bbox 891 1733 950 1756; x_wconf 80' lang='lat' dir='ltr'>ora</span> <span class='ocrx_word' id='word_1_166' title='bbox 972 1727 1092 1769; x_wconf 83' lang='lat' dir='ltr'>natum,</span> 
     </span>
     <span class='ocr_line' id='line_1_29' title="bbox 608 1768 1107 1813; baseline 0.01 -13"><span class='ocrx_word' id='word_1_167' title='bbox 608 1768 660 1801; x_wconf 86' lang='lat' dir='ltr'>Ex</span> <span class='ocrx_word' id='word_1_168' title='bbox 684 1772 717 1801; x_wconf 85' lang='lat' dir='ltr'>te</span> <span class='ocrx_word' id='word_1_169' title='bbox 741 1771 873 1802; x_wconf 85' lang='lat' dir='ltr'>verbum</span> <span class='ocrx_word' id='word_1_170' title='bbox 897 1771 1107 1813; x_wconf 80' lang='lat' dir='ltr'>incarnatum,</span> 
     </span>
     <span class='ocr_line' id='line_1_30' title="bbox 608 1815 1094 1852; baseline 0.006 -3"><span class='ocrx_word' id='word_1_171' title='bbox 608 1815 655 1849; x_wconf 83' lang='lat' dir='ltr'>Ut</span> <span class='ocrx_word' id='word_1_172' title='bbox 679 1817 862 1850; x_wconf 83' lang='lat' dir='ltr'>condonans</span> <span class='ocrx_word' id='word_1_173' title='bbox 886 1818 947 1850; x_wconf 85' lang='lat' dir='ltr'>mis</span> <span class='ocrx_word' id='word_1_174' title='bbox 971 1822 1094 1852; x_wconf 78' lang='lat' dir='ltr'>reatum</span> 
     </span>
     <span class='ocr_line' id='line_1_31' title="bbox 607 1863 1060 1907; baseline 0.011 -12"><span class='ocrx_word' id='word_1_175' title='bbox 607 1863 663 1895; x_wconf 87' lang='lat' dir='ltr'>Me</span> <span class='ocrx_word' id='word_1_176' title='bbox 685 1864 795 1897; x_wconf 84' lang='lat' dir='ltr'>videre</span> <span class='ocrx_word' id='word_1_177' title='bbox 819 1874 910 1898; x_wconf 88' lang='lat' dir='ltr'>suum</span> <span class='ocrx_word' id='word_1_178' title='bbox 936 1871 1060 1907; x_wconf 85' lang='lat' dir='ltr'>gratum</span> 
     </span>
    </p>

    <p class='ocr_par' dir='ltr' id='par_1_13' title="bbox 653 1912 1107 1956">
     <span class='ocr_line' id='line_1_32' title="bbox 653 1912 1107 1956; baseline 0.013 -13"><span class='ocrx_word' id='word_1_179' title='bbox 653 1912 789 1944; x_wconf 77' lang='lat' dir='ltr'>Vultum</span> <span class='ocrx_word' id='word_1_180' title='bbox 813 1913 870 1945; x_wconf 86' lang='lat' dir='ltr'>det</span> <span class='ocrx_word' id='word_1_181' title='bbox 893 1922 951 1946; x_wconf 77' lang='lat' dir='ltr'>rex</span> <span class='ocrx_word' id='word_1_182' title='bbox 976 1916 1107 1956; x_wconf 81' lang='lat' dir='ltr'>gloriae.</span> 
     </span>
    </p>
   </div>
   <div class='ocr_carea' id='block_1_11' title="bbox 273 1973 1509 2020">
    <p class='ocr_par' dir='ltr' id='par_1_14' title="bbox 273 1973 1509 2020">
     <span class='ocr_line' id='line_1_33' title="bbox 273 1973 1509 2020; baseline 0.01 -20"><span class='ocrx_word' id='word_1_183' title='bbox 273 1973 342 2001; x_wconf 43' lang='lat' dir='ltr'>Cod‘</span> <span class='ocrx_word' id='word_1_184' title='bbox 369 1975 533 2004; x_wconf 77' lang='lat' dir='ltr'>Londinen.</span> <span class='ocrx_word' id='word_1_185' title='bbox 559 1976 682 2013; x_wconf 77' lang='lat' dir='ltr'>Vespas.</span> <span class='ocrx_word' id='word_1_186' title='bbox 709 1978 736 2006; x_wconf 93' lang='lat' dir='ltr'>D</span> <span class='ocrx_word' id='word_1_187' title='bbox 764 1976 782 2005; x_wconf 91' lang='lat'>9</span> <span class='ocrx_word' id='word_1_188' title='bbox 808 1986 883 2006; x_wconf 85' lang='lat' dir='ltr'>saec.</span> <span class='ocrx_word' id='word_1_189' title='bbox 913 1977 958 2008; x_wconf 87' lang='grc'>15.</span> <span class='ocrx_word' id='word_1_190' title='bbox 987 1995 1025 2000; x_wconf 85' lang='grc'>-</span> <span class='ocrx_word' id='word_1_191' title='bbox 1051 1982 1114 2010; x_wconf 88' lang='lat' dir='ltr'>Das</span> <span class='ocrx_word' id='word_1_192' title='bbox 1135 1982 1209 2011; x_wconf 86' lang='lat' dir='ltr'>Lied</span> <span class='ocrx_word' id='word_1_193' title='bbox 1235 1983 1335 2011; x_wconf 84' lang='lat' dir='ltr'>macht</span> <span class='ocrx_word' id='word_1_194' title='bbox 1353 1992 1430 2020; x_wconf 83' lang='lat' dir='ltr'>ganz</span> <span class='ocrx_word' id='word_1_195' title='bbox 1452 1984 1509 2012; x_wconf 84' lang='lat' dir='ltr'>den</span> 
     </span>
    </p>
   </div>
   <div class='ocr_carea' id='block_1_12' title="bbox 195 2010 1509 2058">
    <p class='ocr_par' dir='ltr' id='par_1_15' title="bbox 195 2010 1509 2058">
     <span class='ocr_line' id='line_1_34' title="bbox 195 2010 1509 2058; baseline 0.011 -21"><span class='ocrx_word' id='word_1_196' title='bbox 195 2010 357 2044; x_wconf 69' lang='lat' dir='ltr'>Eindruek,</span> <span class='ocrx_word' id='word_1_197' title='bbox 378 2013 423 2040; x_wconf 81' lang='lat' dir='ltr'>als</span> <span class='ocrx_word' id='word_1_198' title='bbox 442 2014 487 2040; x_wconf 84' lang='lat' dir='ltr'>sei</span> <span class='ocrx_word' id='word_1_199' title='bbox 506 2022 537 2042; x_wconf 78' lang='lat' dir='ltr'>es</span> <span class='ocrx_word' id='word_1_200' title='bbox 556 2023 611 2041; x_wconf 67' lang='lat' dir='ltr'>nur</span> <span class='ocrx_word' id='word_1_201' title='bbox 632 2015 681 2042; x_wconf 84' lang='lat' dir='ltr'>ein</span> <span class='ocrx_word' id='word_1_202' title='bbox 700 2016 885 2044; x_wconf 72' lang='lat' dir='ltr'>Bruchstiick</span> <span class='ocrx_word' id='word_1_203' title='bbox 898 2016 1037 2054; x_wconf 51' lang='lat' dir='ltr'>kSchlui‘s)</span> <span class='ocrx_word' id='word_1_204' title='bbox 1057 2021 1139 2048; x_wconf 81' lang='lat' dir='ltr'>einer</span> <span class='ocrx_word' id='word_1_205' title='bbox 1155 2020 1298 2058; x_wconf 82' lang='lat' dir='ltr'>Sequenz.</span> <span class='ocrx_word' id='word_1_206' title='bbox 1331 2023 1509 2051; x_wconf 71' lang='lat' dir='ltr'>Feststeuen</span> 
     </span>
    </p>
   </div>
   <div class='ocr_carea' id='block_1_13' title="bbox 196 2048 1509 2123">
    <p class='ocr_par' dir='ltr' id='par_1_16' title="bbox 196 2048 1509 2123">
     <span class='ocr_line' id='line_1_35' title="bbox 196 2048 1509 2114; baseline 0.011 -39"><span class='ocrx_word' id='word_1_207' title='bbox 196 2048 307 2114; x_wconf 55' lang='grc' dir='ltr'>Ιὲἕῐῧιῖἑξ</span> <span class='ocrx_word' id='word_1_208' title='bbox 326 2049 425 2114; x_wconf 54' lang='grc' dir='ltr'><strong>ἰὲξὴεε</strong></span> <span class='ocrx_word' id='word_1_209' title='bbox 443 2051 543 2080; x_wconf 84' lang='lat' dir='ltr'>bisher</span> <span class='ocrx_word' id='word_1_210' title='bbox 562 2053 651 2087; x_wconf 78' lang='lat' dir='ltr'>nicht,</span> <span class='ocrx_word' id='word_1_211' title='bbox 673 2053 802 2082; x_wconf 84' lang='lat' dir='ltr'>weshalb</span> <span class='ocrx_word' id='word_1_212' title='bbox 823 2055 872 2082; x_wconf 85' lang='lat' dir='ltr'>ich</span> <span class='ocrx_word' id='word_1_213' title='bbox 893 2056 972 2084; x_wconf 88' lang='lat' dir='ltr'>mich</span> <span class='ocrx_word' id='word_1_214' title='bbox 987 2058 1141 2094; x_wconf 80' lang='lat' dir='ltr'>begniigen</span> <span class='ocrx_word' id='word_1_215' title='bbox 1155 2059 1239 2094; x_wconf 87' lang='lat' dir='ltr'>muss,</span> <span class='ocrx_word' id='word_1_216' title='bbox 1262 2060 1311 2089; x_wconf 80' lang='lat' dir='ltr'>die</span> <span class='ocrx_word' id='word_1_217' title='bbox 1323 2060 1509 2097; x_wconf 80' lang='lat' dir='ltr'>Vermutung</span> 
     </span>
     <span class='ocr_line' id='line_1_36' title="bbox 303 2096 437 2123; baseline 0 -8"><span class='ocrx_word' id='word_1_218' title='bbox 303 2096 338 2123; x_wconf 88' lang='lat' dir='ltr'>pr</span> <span class='ocrx_word' id='word_1_219' title='bbox 393 2097 437 2115; x_wconf 87' lang='lat' dir='ltr'>en.</span> 
     </span>
    </p>
   </div>
   <div class='ocr_carea' id='block_1_14' title="bbox 633 2200 1062 2237">
    <p class='ocr_par' dir='ltr' id='par_1_17' title="bbox 633 2200 1062 2237">
     <span class='ocr_line' id='line_1_37' title="bbox 633 2200 1062 2237; baseline 0.014 -7"><span class='ocrx_word' id='word_1_220' title='bbox 633 2200 695 2232; x_wconf 85' lang='lat'>102.</span> <span class='ocrx_word' id='word_1_221' title='bbox 728 2201 772 2233; x_wconf 81' lang='lat' dir='ltr'>De</span> <span class='ocrx_word' id='word_1_222' title='bbox 789 2202 887 2235; x_wconf 67' lang='lat' dir='ltr'>Beata</span> <span class='ocrx_word' id='word_1_223' title='bbox 904 2204 1007 2237; x_wconf 76' lang='lat' dir='ltr'>Maria</span> <span class='ocrx_word' id='word_1_224' title='bbox 1028 2206 1062 2236; x_wconf 90' lang='lat' dir='ltr'>V.</span> 
     </span>
    </p>
   </div>
   <div class='ocr_carea' id='block_1_15' title="bbox 212 2268 1451 2460">
    <p class='ocr_par' dir='ltr' id='par_1_18' title="bbox 212 2268 1451 2415">
     <span class='ocr_line' id='line_1_38' title="bbox 212 2268 1451 2323; baseline 0.011 -22"><span class='ocrx_word' id='word_1_225' title='bbox 212 2270 244 2303; x_wconf 91' lang='lat'>1.</span> <span class='ocrx_word' id='word_1_226' title='bbox 270 2269 295 2302; x_wconf 97' lang='grc' dir='ltr'><strong>Ο</strong></span> <span class='ocrx_word' id='word_1_227' title='bbox 320 2268 444 2322; x_wconf 70' lang='lat' dir='ltr'>Maria,¹</span> <span class='ocrx_word' id='word_1_228' title='bbox 462 2272 564 2301; x_wconf 83' lang='lat' dir='ltr'>mater</span> <span class='ocrx_word' id='word_1_229' title='bbox 589 2271 718 2313; x_wconf 79' lang='lat' dir='ltr'>Christi,</span> <span class='ocrx_word' id='word_1_230' title='bbox 894 2278 925 2308; x_wconf 85' lang='lat'>2.</span> <span class='ocrx_word' id='word_1_231' title='bbox 951 2276 1047 2309; x_wconf 81' lang='lat' dir='ltr'>Felix</span> <span class='ocrx_word' id='word_1_232' title='bbox 1071 2280 1191 2320; x_wconf 89' lang='lat' dir='ltr'>venter,</span> <span class='ocrx_word' id='word_1_233' title='bbox 1218 2280 1272 2319; x_wconf 79' lang='lat' dir='ltr'>qui</span> <span class='ocrx_word' id='word_1_234' title='bbox 1296 2282 1451 2323; x_wconf 80' lang='lat' dir='ltr'>portavit,</span> 
     </span>
     <span class='ocr_line' id='line_1_39' title="bbox 272 2316 1448 2371; baseline 0.009 -21"><span class='ocrx_word' id='word_1_235' title='bbox 272 2317 347 2350; x_wconf 86' lang='lat' dir='ltr'>Sola</span> <span class='ocrx_word' id='word_1_236' title='bbox 372 2316 498 2350; x_wconf 78' lang='lat' dir='ltr'>Christo</span> <span class='ocrx_word' id='word_1_237' title='bbox 523 2316 684 2361; x_wconf 82' lang='lat' dir='ltr'>placuisti,</span> <span class='ocrx_word' id='word_1_238' title='bbox 952 2322 1047 2356; x_wconf 81' lang='lat' dir='ltr'>Felix</span> <span class='ocrx_word' id='word_1_239' title='bbox 1072 2326 1173 2368; x_wconf 79' lang='lat' dir='ltr'>virge,</span> <span class='ocrx_word' id='word_1_240' title='bbox 1200 2336 1282 2367; x_wconf 82' lang='lat' dir='ltr'>quae</span> <span class='ocrx_word' id='word_1_241' title='bbox 1302 2328 1448 2371; x_wconf 81' lang='lat' dir='ltr'>lactavit,</span> 
     </span>
     <span class='ocr_line' id='line_1_40' title="bbox 270 2363 1451 2415; baseline 0.011 -18"><span class='ocrx_word' id='word_1_242' title='bbox 270 2364 346 2397; x_wconf 86' lang='lat' dir='ltr'>Sola</span> <span class='ocrx_word' id='word_1_243' title='bbox 372 2364 469 2405; x_wconf 84' lang='lat' dir='ltr'>digna</span> <span class='ocrx_word' id='word_1_244' title='bbox 493 2367 528 2395; x_wconf 87' lang='lat' dir='ltr'>tu</span> <span class='ocrx_word' id='word_1_245' title='bbox 553 2363 643 2397; x_wconf 87' lang='lat' dir='ltr'>fuisti</span> <span class='ocrx_word' id='word_1_246' title='bbox 951 2371 1046 2403; x_wconf 84' lang='lat' dir='ltr'>Felix</span> <span class='ocrx_word' id='word_1_247' title='bbox 1070 2374 1182 2415; x_wconf 82' lang='lat' dir='ltr'>mater,</span> <span class='ocrx_word' id='word_1_248' title='bbox 1210 2383 1291 2414; x_wconf 83' lang='lat' dir='ltr'>quae</span> <span class='ocrx_word' id='word_1_249' title='bbox 1313 2377 1451 2415; x_wconf 83' lang='lat' dir='ltr'>gestavit</span> 
     </span>
    </p>

    <p class='ocr_par' dir='ltr' id='par_1_19' title="bbox 314 2411 1381 2460">
     <span class='ocr_line' id='line_1_41' title="bbox 314 2411 1381 2460; baseline 0.011 -16"><span class='ocrx_word' id='word_1_250' title='bbox 314 2413 417 2445; x_wconf 83' lang='lat' dir='ltr'>Ferre</span> <span class='ocrx_word' id='word_1_251' title='bbox 440 2411 551 2444; x_wconf 80' lang='lat' dir='ltr'>mundi</span> <span class='ocrx_word' id='word_1_252' title='bbox 577 2412 725 2452; x_wconf 83' lang='lat' dir='ltr'>pretium.</span> <span class='ocrx_word' id='word_1_253' title='bbox 999 2418 1120 2451; x_wconf 85' lang='lat' dir='ltr'>Summi</span> <span class='ocrx_word' id='word_1_254' title='bbox 1143 2421 1247 2460; x_wconf 84' lang='lat' dir='ltr'>patris</span> <span class='ocrx_word' id='word_1_255' title='bbox 1269 2422 1381 2459; x_wconf 82' lang='lat' dir='ltr'>filium.</span> 
     </span>
    </p>
   </div>
  </div>
 </body>
</html>
