1651 2700
659 130 895 166 -99.-.-

125 224 193 254 audi
205 225 235 252 F.
250 238 286 244 --·
301 221 347 258 33,
359 222 376 251 7
391 225 475 253 Haec
488 225 616 254 inscribe
627 227 670 262 H,
685 227 814 256 inscribo
826 229 864 263 G,
884 228 1046 256 inscribens
1055 227 1079 255 Ι.
1093 241 1131 245 -
1144 223 1189 260 33,
1200 224 1218 254 8
1232 227 1272 254 sit
1281 226 1372 261 dulce,
1389 229 1429 255 sit

124 272 214 291 suave
233 264 275 298 D,
297 262 382 290 dulce
403 265 432 291 et
454 272 544 292 suave
563 266 598 293 A.
621 279 655 283 -—-
676 263 722 300 33,
743 264 760 293 9
780 267 822 294 Te
841 270 875 295 ut
893 266 1018 300 laudem,
1039 265 1111 293 mihi
1131 265 1198 293 fave
1217 265 1249 293 B.
1328 262 1373 298 33,
1390 264 1426 294 10

123 302 213 337 Virgo
231 300 437 330 desiderabilis
457 302 490 329 B.
511 318 549 322 —
569 300 615 336 34,
639 301 652 330 1
672 304 782 338 Gaude,
805 306 889 342 virgo
911 313 1013 333 carens
1033 304 1077 339 D,
1105 303 1215 336 Gaude,
1236 312 1306 331 cara
1325 311 1426 332 carens

126 340 210 368 F'GK.
240 356 277 360 —
306 336 351 374 34,
373 338 391 366 2
413 341 495 374 Quae
515 342 556 369 sis
577 341 666 377 digna
685 344 729 370 sic
747 342 788 377 A,
811 344 893 377 Quae
913 351 942 370 es
963 343 1054 380 digna
1072 343 1115 369 sic
1133 342 1177 377 K,
1199 341 1280 375 Quae
1302 341 1344 369 sic
1365 342 1427 378 dig-

122 386 162 406 na
186 379 226 405 sit
250 378 310 406 CD·
338 392 375 396 —
403 376 448 412 34,
469 375 487 406 3
508 379 602 413 Quam
622 388 730 414 amare,
751 389 837 417 quam
858 382 942 409 sitire
961 381 998 409 D.
1020 394 1053 399 ’-
1075 378 1121 413 34,
1141 378 1161 407 4
1179 380 1313 415 Tantam,
1334 380 1423 408 talem

123 418 156 444 ut
177 418 204 444 te
225 418 328 444 scirem
349 417 391 452 A;
413 425 479 444 cum
495 417 551 445 hoc
570 418 674 445 scirem
693 419 727 446 B.
747 433 786 437 —
806 417 851 453 34,
866 418 883 448 5
906 419 989 453 Quod
1008 418 1119 446 nullam
1135 418 1170 445 Η.
1192 432 1229 436 -
1249 416 1298 452 34,
1311 417 1328 445 7
1342 419 1426 445 Mun-

122 453 151 485 (li
179 455 275 482 cordis
302 456 389 490 grata
414 455 448 483 Β.
474 469 511 474 -
538 453 583 489 34,
605 453 623 483 8
651 456 695 484 Ne
721 457 761 485 sit
780 465 861 485 amor
880 458 945 485 sine
965 457 1004 493 A,
1024 456 1068 484 Ut
1086 458 1126 484 sit
1145 465 1226 484 amor
1246 457 1309 485 sine
1330 456 1368 483 H.
1389 470 1427 475 -ῐ

122 491 168 526 34,
190 491 207 520 9
233 493 269 521 In
295 492 353 520 hac
370 495 435 521 vita
453 501 566 521 mecum
586 494 624 529 A;
645 495 712 522 Hac
731 495 763 521 in
785 498 872 524 nocte
892 494 982 530 CGK3
1003 496 1038 523 In
1057 494 1114 522 hac
1133 495 1207 523 hora
1225 495 1258 522 B.
1283 510 1319 514 —
1341 491 1386 528 35,
1410 492 1424 521 1

123 532 260 567 puritatis
281 531 319 558 H.
340 546 378 550 —
398 529 444 564 35,
466 528 484 559 3
504 532 705 568 amplectenda
724 533 758 560 A.
778 547 815 552 —
835 531 880 568 35,
902 531 919 560 5
941 533 998 561 Sed
1020 532 1092 560 fehlt
1110 534 1165 568 AI,
1186 532 1323 560 Salutata
1341 532 1366 560 1.
1417 547 1423 551 -

121 567 167 602 35,
189 568 206 597 6
232 578 294 607 sqq.
323 569 421 598 fehlen
446 570 485 597 H.
511 585 550 590 -—
577 567 623 604 35,
640 569 657 596 7
679 571 750 599 dans
772 572 904 599 affectum
926 571 1014 599 CDK.
1037 584 1073 589 —-
1099 569 1145 604 35,
1166 568 1184 599 8
1205 571 1293 598 simul
1314 570 1422 599 collae-

123 611 217 635 temur
238 609 277 644 B,
298 623 335 627 —-
356 605 401 642 35,
417 607 433 636 9
453 608 496 635 Te
510 610 539 636 et
553 607 700 637 Christum
717 608 904 645 deprecemur
917 610 957 642 A,
977 611 1020 638 Te
1041 612 1071 637 et
1085 612 1184 637 natum
1199 610 1425 645 complectemur

125 646 162 680 13,
189 646 226 673 In
254 654 311 682 quo
340 645 490 674 Christum
515 647 744 683 contemplemur
768 648 809 682 G,
838 648 880 676 Et
913 656 978 675 cum
1004 647 1119 676 Christo
1150 650 1333 675 conectemur
1358 646 1425 682 OD,

123 684 163 712 Et
187 685 219 712 in
247 684 364 712 Christo
393 689 576 712 conectemur
595 685 631 712 K.
658 699 697 703 —-
724 681 770 720 35,
793 685 827 714 10
855 689 884 714 et
908 688 1075 722 perenniter
1094 686 1127 713 B.
1149 700 1184 705 ——
1213 683 1257 718 36,
1281 684 1295 713 1
1317 685 1426 720 Gaude,

122 722 238 760 plaude,
260 730 329 751 cara
350 722 491 757 CBFGK,
518 722 620 751 Gaude
639 731 766 759 semper,
796 733 864 752 cara
883 724 923 751 M.
946 738 982 743 —
1003 721 1047 757 36,
1068 722 1086 752 3
1111 724 1206 752 somni
1225 731 1318 760 vapor
1337 723 1371 751 G.
1392 738 1429 742 —

120 759 166 794 36,
192 759 212 788 4
239 761 285 789 Sit
311 761 445 789 amandis
471 760 565 789 dulcis
589 761 631 795 A,
656 760 697 788 Et
723 764 831 790 amoris
856 762 950 790 dulcis
979 763 1035 797 GI,
1062 762 1166 790 Dulcis
1193 762 1233 789 sit
1260 762 1367 790 amoris
1388 762 1426 789 H.

121 813 160 819 ——
184 796 230 833 36,
253 798 270 827 5
297 798 338 826 Et
360 799 434 826 fehlt
461 798 501 834 G,
527 798 568 826 Et
592 798 678 827 dulce
702 800 739 827 D.
759 814 798 818 —
816 798 862 834 36,
878 798 894 827 6
914 801 963 828 Me
980 800 1135 834 circumda,
1157 809 1173 828 o
1194 800 1323 828 iucunda
1341 800 1372 827 O.
1392 814 1430 819 -—-

121 835 174 871 36,
196 836 213 864 7
238 838 330 865 Manu
358 838 490 865 caritatis
509 837 549 873 D,
580 836 747 865 Virtutibus
774 841 804 865 et
830 847 879 866 cor
906 839 939 866 B.
959 853 997 857 —
1017 837 1062 873 36,
1083 836 1101 866 8
1122 839 1164 867 Ut
1183 846 1281 865 amore
1300 838 1340 873 A,
1362 846 1430 865 con-

123 884 255 904 suescam
280 876 318 903 D.
344 890 384 894 -—
407 873 460 909 36,
482 873 499 902 9
525 876 568 903 Te
594 876 719 903 amando
749 875 784 912 C,
805 877 846 904 Et
871 885 986 905 cessare
1013 885 1073 904 non
1092 877 1129 905 D.
1149 890 1187 895 —-
1206 873 1252 910 36,
1275 874 1310 905 10
1329 876 1372 910 Te
1391 876 1429 903 da

121 914 195 941 mihi
214 914 247 941 in
266 913 310 948 H,
331 914 380 941 Da
398 913 482 941 modo
503 915 533 941 te
552 914 585 940 in
604 913 641 941 D.
664 928 698 932 —
721 911 768 949 37,
785 912 801 942 1
821 914 959 943 Gaudens
979 915 1074 951 gaude
1092 917 1157 942 tota
1175 915 1212 949 B,
1233 913 1335 942 Gaude
1353 923 1428 941 sem-

120 960 173 989 per
197 955 261 979 tota
287 951 402 980 CDGK.
427 967 465 972 -—
493 949 538 985 37,
559 949 577 978 2
598 951 676 979 Audi
697 952 822 987 supplex
840 955 911 981 vota
932 953 969 987 0,
997 953 1075 981 Audi
1096 953 1222 981 clemens
1241 955 1312 980 vota
1330 952 1429 987 DGK,

121 991 232 1019 Libens
261 990 331 1018 audi
360 992 431 1018 vota
460 990 494 1017 B.
521 1004 557 1008 —
586 987 638 1023 37,
659 987 677 1018 3
705 989 822 1025 Gaude,
847 992 926 1019 laeta
951 991 1018 1027 plus
1046 990 1137 1027 CGK,
1163 990 1229 1026 plus
1257 993 1286 1017 et
1307 991 1379 1018 satis
1399 990 1427 1025 1,-

121 1029 213 1065 Virgo
239 1029 446 1065 generositatis
476 1029 509 1055 B.
538 1043 575 1047 —
603 1025 647 1062 37,
668 1027 687 1056 4
713 1037 795 1056 meae
814 1030 951 1065 puritatis
972 1029 1008 1057 K.
1030 1045 1066 1049 -—
1087 1027 1132 1063 37,
1154 1028 1171 1057 5
1191 1029 1226 1055 In
1246 1030 1305 1056 tuis
1325 1031 1432 1055 sonent

122 1066 264 1096 BCDGK.
291 1080 326 1085 -
353 1064 404 1100 37,
425 1064 444 1095 6
471 1066 549 1094 Cara
567 1074 635 1094 mea
652 1069 803 1103 requiesce
840 1067 900 1102 IK,
924 1067 1012 1095 Clara
1031 1075 1098 1094 mea
1115 1068 1159 1102 D,
1181 1065 1257 1093 Gara
1275 1068 1368 1094 mater
1389 1066 1430 1100 A,

121 1107 186 1134 Iam
214 1105 324 1133 dilecta
348 1105 413 1133 ΒΜ.
438 1119 471 1123 -
504 1102 550 1138 37,
572 1102 589 1132 7
613 1105 674 1132 Fac
701 1114 749 1132 me
774 1108 870 1133 tecum
892 1114 1006 1142 semper
1025 1113 1089 1133 esse
1108 1105 1141 1132 B.
1163 1119 1198 1125 ——
1220 1102 1266 1138 37,
1286 1102 1305 1132 8
1323 1104 1429 1132 Totum

123 1152 169 1171 me
188 1143 245 1171 tibi
266 1143 331 1177 GK,
352 1144 459 1171 Totum
480 1143 537 1170 tibi
557 1151 604 1170 me
623 1143 659 1170 D.
680 1159 717 1163 —
737 1140 782 1177 37,
804 1142 821 1171 9
840 1145 968 1177 Excusa,
988 1145 1081 1179 virgo,
1103 1144 1181 1179 quod
1201 1142 1314 1170 offendo
1334 1142 1372 1170 H.
1393 1157 1430 1162 —-

122 1181 207 1211 Nach
228 1181 284 1209 Str.
306 1177 343 1208 37
364 1181 416 1209 hat
433 1181 457 1209 B
478 1180 553 1208 noch
573 1180 709 1217 folgende
729 1182 907 1210 anderwarts
928 1182 1077 1211 entlehnte
1097 1181 1258 1218 Strophen:

132 1274 178 1305 38.
199 1276 309 1312 Gaude,
329 1278 414 1313 virgo
435 1277 618 1314 principalia,
816 1275 862 1306 39.
885 1277 993 1312 Gaude,
1015 1279 1103 1306 decus
1124 1278 1273 1311 ecclesiae,

202 1316 300 1351 Atque
319 1315 407 1343 decor
425 1315 590 1351 virginalis,
882 1316 978 1344 Mater
998 1316 1223 1350 misericordiae,

199 1354 256 1382 Per
276 1361 364 1391 quam
385 1362 466 1382 amor
486 1354 606 1381 emicuit
881 1354 973 1391 Virgo
995 1356 1074 1383 mitis
1095 1357 1125 1382 et
1145 1355 1279 1390 benigna,

200 1392 242 1420 Et
260 1394 293 1420 in
312 1392 420 1420 mundo
440 1392 541 1419 floruit
883 1391 955 1420 Sola
973 1394 1059 1426 bona,
1081 1393 1146 1420 sola
1166 1393 1257 1428 digna

239 1431 281 1459 Ut
299 1429 395 1458 lilium
417 1432 494 1458 inter
514 1431 624 1465 spinas.
921 1430 1008 1459 Omni
1024 1431 1111 1459 laude
1132 1433 1162 1458 et
1180 1430 1297 1458 honore.

201 1469 310 1502 Gaude,
331 1469 424 1504 virgo,
447 1468 534 1496 decus
554 1469 653 1503 moris,
882 1468 991 1503 Gaude,
1012 1470 1115 1503 regina
1133 1468 1252 1503 nobilis,

200 1507 291 1535 Cuius
310 1515 419 1535 nomen
436 1509 483 1534 est
500 1506 556 1534 flos
574 1506 665 1541 floris,
882 1507 972 1543 Virgo
993 1506 1245 1543 incomparabilis,

199 1545 314 1573 Amoris
334 1545 388 1573 flos
409 1548 439 1574 et
456 1545 566 1581 gaudii,
883 1545 975 1573 Cuius
997 1554 1102 1581 corpus
1123 1549 1168 1573 est
1186 1546 1309 1581 puritas,

197 1584 267 1612 Flos
288 1585 400 1611 aeterni
419 1584 524 1621 palatii
881 1583 1053 1612 Novitatum
1071 1585 1198 1616 novitas,

236 1623 380 1657 Flagrans
401 1630 489 1659 super
510 1618 695 1659 angelicasfl]
920 1621 1044 1650 salvans
1066 1623 1144 1650 omni
1165 1625 1304 1657 tempore.

121 1718 173 1747 FG
192 1717 351 1746 schliessen
370 1719 426 1745 mit
444 1717 501 1745 den
520 1718 647 1746 Ver-sen:

355 1805 379 1833 Ο
401 1805 466 1832 fons
485 1803 624 1839 dulcoris,
646 1805 772 1832 rutilans
793 1805 846 1839 pia
864 1804 947 1840 virgo
967 1804 1074 1837 Maria,

357 1842 498 1871 Omnibus
519 1843 566 1871 his
589 1842 670 1871 horis
690 1843 791 1871 suavis
811 1842 886 1871 haec
904 1843 961 1870 tibi
982 1844 1022 1870 sit
1041 1842 1177 1871 melodia.

202 1930 329 1966 „Incipit
354 1929 465 1956 iubilus
484 1929 564 1956 beati
583 1928 747 1957 Bernhardi
768 1929 885 1957 abbatis
906 1928 942 1956 de
961 1929 1077 1966 gaudiis
1097 1926 1228 1958 Mariae“
1250 1929 1289 1965 A,
1312 1929 1431 1966 „Dulci-

123 1970 256 2003 loquium
274 1968 356 1996 beati
376 1966 538 1995 Bernhardi
559 1968 597 1995 ad
614 1968 732 1995 beatam
752 1964 911 2003 virginem“
933 1967 973 2003 L,
997 1968 1124 2003 „Incipit
1143 1967 1333 2004 soliloquium
1351 1968 1432 1995 beati

122 2006 302 2040 Bernhardi,
329 2005 445 2034 abbatis
475 2004 720 2034 claraevallensis
747 2005 783 2033 de
806 2006 894 2034 laude
919 2006 1109 2034 beatissimae
1136 2015 1171 2034 ac
1198 2006 1432 2042 gloriosissimae

122 2053 295 2082 semperque
321 2046 446 2080 virginis
473 2042 604 2072 Mariae“
632 2044 675 2079 D,
709 2044 948 2081 „Dulciloquium
975 2045 1055 2073 beati
1080 2045 1226 2073 Bernardi
1252 2045 1289 2072 ad
1315 2046 1431 2073 beatam

120 2086 265 2120 virginem
304 2082 341 2110 ad
371 2083 502 2120 singulas
534 2083 594 2111 diei
627 2080 733 2110 horas“
760 2082 801 2118 N,
843 2084 934 2118 „Item
967 2084 1086 2119 quidam
1115 2084 1267 2120 presbyter
1298 2084 1430 2116 devotus,

121 2124 267 2152 nomine
285 2121 478 2158 Iosephus,
500 2122 665 2158 composuit
681 2124 850 2157 sequentem
871 2122 1031 2150 orationem
1049 2122 1084 2150 de
1097 2122 1186 2150 beata
1197 2119 1328 2158 virgine“
1343 2122 1380 2149 K.
1395 2137 1432 2141 —

120 2163 183 2191 Das
205 2159 331 2190 Gedicht
348 2160 499 2188 Bemhard
519 2159 762 2193 zuzuschreiben,
790 2160 861 2196 geht
879 2168 928 2188 um
949 2169 981 2188 so
1005 2162 1131 2197 weniger
1152 2170 1206 2195 an,
1234 2162 1277 2189 als
1298 2160 1433 2189 dasselbe

120 2209 176 2229 nur
209 2201 242 2227 in
272 2199 432 2227 deutschen
456 2198 687 2227 Handschriften
714 2198 881 2226 vorkommt
911 2199 972 2226 und
1006 2199 1165 2228 zweifellos
1190 2199 1351 2227 deutschen
1375 2198 1431 2226 Ur-

120 2247 246 2277 sprungs
272 2239 326 2272 ist,
355 2238 438 2265 meln-
458 2237 623 2266 Vertrauen
650 2237 785 2265 verdient
804 2237 851 2265 die
874 2237 996 2273 Angabe
1016 2246 1076 2265 von
1097 2238 1132 2265 K.
1171 2239 1217 2267 Ist
1236 2238 1288 2265 das
1308 2237 1430 2266 Ursula-

119 2277 194 2306 Lied
223 2277 247 2306 Ο
273 2278 430 2304 vernantes
454 2276 565 2304 Christi
591 2283 678 2303 rosae
703 2284 762 2303 von
788 2276 941 2304 Hermann
965 2276 1072 2313 Ioseph
1098 2286 1158 2305 von
1178 2275 1331 2309 Steinfeld,
1354 2275 1431 2302 dann

119 2316 235 2344 mochte
255 2324 323 2344 man
336 2314 475 2343 versucht
487 2316 560 2350 sein,
581 2317 613 2343 in
626 2314 686 2342 ihm
702 2314 777 2342 auch
791 2314 847 2342 den
860 2315 1013 2351 presbyter
1028 2315 1158 2352 devotus,
1181 2316 1299 2343 nomine
1316 2313 1430 2349 Ioseph,

118 2365 155 2385 zu
175 2355 299 2390 suchen;
322 2362 354 2381 so
374 2353 527 2382 verwandt
545 2351 715 2382 erscheinen
735 2352 783 2381 die
801 2353 917 2382 Liedcr.

1217 2400 1255 2409 -u

1224 2409 1231 2427 ζ
