1651 2700
716 192 980 228 —188—

193 287 338 316 mathia
364 290 396 316 in
421 288 532 316 honore
560 288 748 316 beatissimae
772 288 897 323 virginis
917 287 1046 321 Mariae,
1076 286 1112 313 de
1138 294 1211 323 qua,
1241 290 1276 315 ut
1299 289 1348 324 pie
1368 287 1506 321 creditur,

193 327 360 354 nuntiatum
379 324 459 362 [fuit]
479 327 565 354 beato
581 326 756 362 Augustino,
781 325 859 360 quod
875 325 1043 361 quicunque
1064 332 1129 351 earn
1142 324 1247 353 devote
1261 326 1387 362 sing-ulis
1401 326 1505 353 diebus

193 364 307 400 dixerit,
321 365 464 401 quidquid
475 373 493 391 a
502 365 566 391 Deo
578 365 655 391 iuste
665 363 790 399 petierit,
805 363 983 398 impetrabit,
998 371 1053 389 nec
1064 362 1185 398 aliquod
1197 363 1251 390 illa
1263 363 1310 391 die
1321 365 1348 390 ei
1359 361 1504 391 nocebit.“

269 412 352 439 Auch
370 413 396 440 L
420 412 595 439 versichert:
623 409 741 446 „Oratio
761 410 897 445 Ioseph
927 409 968 437 de
987 407 1220 437 Aromathia“
1247 408 1324 447 [sic].
1364 411 1505 447 Dagegen

192 448 256 475 h'alt
275 449 298 477 O
325 459 362 477 zu
381 450 407 476 A
431 451 463 476 in
483 449 534 476 cler
557 449 692 484 Angabe:
721 448 840 482 „Oratio
868 448 994 475 saneti
1014 446 1240 483 Augustini.“
1281 448 1308 476 E
1328 448 1504 476 hinwieder:

193 485 331 522 Sequitur
355 488 448 515 oratio
474 488 553 515 beati
571 485 779 513 Bernhardi
806 485 843 512 ad
869 485 1010 512 honorem
1030 485 1135 513 beatae
1153 485 1269 513 Mariae
1296 487 1431 522 virginis.
1471 487 1506 513 In

192 524 209 551 Ι
227 524 297 560 geht
316 526 366 553 der
387 528 482 552 ersten
502 523 626 559 Strophe
646 523 694 550 die
711 523 847 559 folgende
870 531 978 550 voran:

476 572 523 599 An
542 579 595 598 nos
616 578 756 604 sponsum
774 571 871 598 solum
889 570 1076 598 laudabimus

477 609 519 637 Et
536 612 566 636 te
584 611 707 635 matrem
727 610 789 636 eius
810 608 982 636 silebimus?

474 648 542 675 Non
561 646 592 673 id
609 646 699 679 decet,
719 646 771 674 sed
790 649 819 674 te
839 647 1024 674 cantabimus

474 685 531 712 Dei
550 687 681 717 matrem,
702 687 811 719 quanto
831 684 1005 712 valebimus.

269 733 304 760 In
323 733 351 760 D
370 732 461 759 findet
480 732 542 759 sich
564 732 614 759 der
634 731 751 759 Schluss
771 731 1035 768 folgendermassen
1055 732 1206 768 gestaltet:

475 780 569 813 Nunc,
592 780 696 814 regina
715 780 821 807 summi
840 780 1002 815 regiminis,

474 817 634 844 Mediatrix
653 817 711 844 Dei
731 820 761 844 et
780 817 918 851 hominis,

475 856 557 889 Quae
575 863 695 891 precare
714 854 810 883 Deum
830 864 891 882 non
910 855 1032 889 desinis,

474 893 547 921 Esto
568 901 679 920 memor
698 893 743 920 tui
760 894 862 921 miseri
881 895 1042 929 scriptoris,

682 931 706 958 Ο
726 931 831 959 Maria.

473 978 497 1006 O
518 981 611 1006 mater
629 978 766 1014 piissima
787 978 897 1006 ordinis
918 978 1054 1012 Carmeli,

472 1016 496 1044 Ο
518 1025 595 1053 aqua
614 1016 785 1044 dulcissima
804 1016 840 1044 de
859 1017 939 1044 fonte
957 1016 1081 1051 Elisaei,

470 1054 518 1081 Ad
538 1063 625 1090 quam
645 1055 697 1090 qui
716 1055 894 1091 confugiunt,
917 1063 1016 1082 omnes
1037 1056 1096 1082 sint
1114 1055 1266 1092 redempti,

681 1092 705 1120 Ο
725 1092 830 1120 Maria.

267 1139 375 1174 „Istam
402 1141 562 1167 orationem
582 1140 687 1167 beatae
706 1140 830 1176 virginis
850 1140 998 1176 gloriosae
1019 1141 1138 1175 scripsit
1157 1140 1190 1168 fr.
1211 1142 1316 1170 Petrus
1338 1143 1446 1171 Netere
1468 1143 1504 1171 de

188 1175 365 1211 Argentina,
394 1178 503 1205 ordinis·
523 1179 628 1205 beatae
646 1178 759 1205 Mariae
781 1178 815 1205 de
837 1180 935 1205 monte
956 1177 1091 1211 Carmeli,
1116 1181 1287 1213 provinciae
1308 1180 1501 1209 Alemanniae

189 1213 346 1249 inferioris,
366 1214 444 1242 filius
468 1218 627 1243 conventus
647 1215 879 1251 Argentinensis,
904 1215 1049 1251 quondam
1071 1216 1191 1243 studens
1210 1218 1364 1246 Tolosae.“

263 1251 336 1279 Zum
365 1254 501 1280 weiteren
528 1253 701 1289 Vergleiche
725 1256 810 1289 mfige
838 1253 903 1281 hier
928 1253 1004 1281 noch
1031 1254 1080 1281 die
1099 1253 1234 1291 Fassung
1261 1256 1311 1283 des
1331 1257 1438 1284 Liedes
1466 1259 1499 1284 in

188 1288 215 1315 E
234 1289 347 1326 folgen:

219 1333 244 1362 1-
265 1336 362 1371 Salve,
382 1340 476 1364 mater
495 1337 723 1370 misericordiae,
899 1335 927 1366 8.
947 1338 1003 1365 Pia
1021 1341 1123 1373 mater,
1144 1341 1258 1376 respice
1277 1340 1364 1375 filios,

263 1374 358 1403 Mater
381 1376 444 1411 spei
466 1378 495 1403 et
513 1377 607 1402 mater
627 1376 741 1409 veniae,

265 1412 360 1440 Mater
380 1414 436 1441 Dei
458 1416 487 1441 et
505 1416 598 1440 mater
619 1414 741 1449 gratiae,

261 1450 365 1486 Mater,
385 1452 514 1486 inquam,
535 1452 625 1478 totius
646 1451 767 1487 gloriae.

236 1526 243 1532 .
264 1506 360 1540 Salve,
382 1508 462 1535 salus
483 1508 604 1535 humani
624 1509 748 1544 generis,

263 1543 360 1579 Salve,
380 1547 464 1582 virgo
485 1546 602 1581 dignior
625 1547 736 1580 ceteris,

264 1581 347 1615 Quae
352 1584 481 1619 virgines
487 1592 586 1610 omnes
592 1584 812 1619 transgrederis,

262 1619 303 1647 Et
322 1621 410 1648 altius
432 1621 514 1648 sedes
535 1622 567 1648 in
587 1623 711 1656 superis.

237 1696 243 1702 .
266 1675 363 1710 Salve,
378 1680 482 1704 sancta
495 1680 662 1705 sanctarum
674 1680 812 1713 omnium,

263 1714 352 1748 Laus,
373 1715 466 1742 honor
486 1718 517 1742 et
535 1715 622 1742 decus
642 1715 782 1753 fidelium,

262 1753 340 1780 Aula
361 1752 477 1786 Christi,
500 1753 601 1780 domus
621 1753 773 1790 palatium,

261 1789 384 1818 Deitatis
410 1791 638 1818 reclinatorium.

237 1865 243 1872 .
264 1846 307 1874 Te
327 1849 438 1875 creavit
456 1850 540 1883 pater
559 1849 716 1884 ingenitus,

264 1885 457 1913 obumbravit
475 1888 504 1913 te
523 1887 702 1923 unigenitus,

263 1923 444 1951 Fecundavit
463 1926 492 1951 te
513 1927 631 1952 sanctus
652 1925 782 1960 spiritus,

263 1961 310 1989 Tu
331 1970 361 1989 es
382 1965 485 1989 sancta
502 1965 565 1990 tota
585 1962 735 1991 (livinitus.

237 2037 244 2044 .
264 2018 307 2046 Te
326 2020 438 2046 creavit
456 2019 538 2047 Deus
557 2020 730 2054 mirabilem,

263 2055 306 2083 Te
325 2059 453 2092 respexit
472 2058 610 2085 ancillam
629 2058 779 2093 humilem,

262 2094 305 2121 Te
324 2096 474 2130 quaesivit
492 2104 630 2131 sponsam
645 2097 810 2132 amabilem,

262 2132 331 2160 Tibi
350 2141 500 2168 nunquam
519 2134 590 2161 fecit
609 2135 801 2164 consimilem.

236 2209 242 2216 .
261 2189 305 2217 Te
323 2190 441 2217 beatam
459 2190 581 2218 laudare
601 2193 723 2227 cupiunt

264 2228 371 2256 Omnes
395 2229 498 2263 sancti,
516 2229 567 2256 sed
580 2238 640 2256 non
654 2229 811 2268 sufficiunt,

263 2265 341 2300 Quia
363 2268 408 2293 tot
425 2266 527 2294 laudes
548 2267 605 2294 tibi
625 2270 810 2303 conveniunt,

263 2304 347 2338 Quod
368 2304 522 2332 laudantes
544 2313 643 2332 omnes
665 2305 811 2334 deficiunt.

234 2380 240 2387 .
260 2361 308 2389 Ex
328 2371 385 2398 quo
406 2363 501 2389 Deum
522 2362 611 2398 digna
631 2371 661 2389 es
681 2371 792 2398 parere,

261 2400 354 2428 Nemo
375 2402 473 2437 potest
492 2400 578 2437 digne
599 2402 760 2436 exprimere

261 2438 378 2466 Laudes
400 2441 466 2466 tuas
485 2447 540 2466 nec
559 2439 632 2466 satis
652 2438 757 2474 dicere,

263 2476 412 2510 Quantum
430 2477 539 2513 gaudes
560 2477 660 2504 divino
681 2486 809 2507 munere.

881 1677 924 1706 10.

882 1847 925 1877 11.

882 2019 925 2048 12.

879 2190 924 2221 13.

882 2363 925 2392 14.

946 1376 1027 1403 Inter
1046 1376 1145 1404 hostes
1167 1381 1332 1414 pugnantes
1355 1380 1472 1415 impios,

946 1410 1095 1442 Irruentes
1116 1417 1226 1451 repelle
1246 1417 1372 1453 gladios,

946 1452 1126 1488 Angelorum
1146 1454 1194 1481 fac
1214 1463 1279 1482 esse
1300 1456 1405 1483 socios.

921 1528 928 1535 .
947 1508 1034 1542 Ecce,
1053 1512 1155 1544 mater,
1175 1510 1276 1539 hostes
1296 1513 1419 1540 tartarei

945 1547 1127 1575 Prodeuntes
1149 1549 1185 1576 ab
1208 1558 1259 1577 ore
1282 1552 1363 1585 putei

946 1585 1034 1612 Viam
1054 1586 1195 1614 claudunt
1214 1589 1298 1623 regni
1319 1588 1437 1623 siderei,

945 1622 1027 1658 Necp
1031 1624 1239 1653 ermittuntnos
1246 1634 1362 1653 sursum
1367 1626 1499 1662 provehi.

945 1676 1038 1716 Virgo
1069 1680 1164 1707 dulcis
1188 1684 1218 1709 et
1236 1691 1349 1710 summe
1368 1683 1498 1719 sapiens,

944 1716 1069 1744 Pietatis
1089 1718 1155 1745 fons
1177 1719 1356 1756 indeficiens,

946 1754 1045 1783 Servis
1066 1757 1124 1783 ‘tuis
1146 1759 1207 1785 esto
1229 1760 1419 1795 compatiens,

946 1792 1025 1826 Quos
1046 1794 1201 1830 impugnat
1212 1796 1307 1824 hostis
1321 1798 1499 1832 percutiens.

946 1850 993 1877 Tu
1011 1850 1095 1878 fuisti
1114 1851 1205 1880 funda
1225 1861 1289 1880 cum
1309 1854 1418 1890 lapide,

947 1888 1030 1922 Quae
1050 1889 1165 1916 Goliam
1187 1894 1333 1927 percussit
1350 1893 1458 1927 valide,

944 1926 987 1953 Et
1005 1936 1090 1961 nune,
1111 1930 1213 1963 mater,
1235 1930 1344 1958 orando
1367 1932 1477 1966 obtine,

945 1965 1070 1992 Hostem
1089 1966 1160 2002 fuga
1179 1970 1209 1995 et
1228 1976 1330 2004 pacem
1349 1970 1482 2005 provide.

945 2022 1051 2050 Preces
1071 2025 1141 2050 tuae
1159 2025 1246 2053 nobis
1267 2026 1452 2062 subveniant,

945 2060 1002 2088 Pia
1021 2063 1122 2095 mater,
1145 2064 1174 2089 et
1194 2065 1238 2091 sic
1259 2065 1429 2092 custodiant

945 2099 1030 2127 Hora
1048 2101 1161 2134 mortis,
1181 2105 1216 2129 ut
1234 2102 1333 2130 hostes
1354 2103 1470 2140 fugiant

946 2136 988 2164 Et
1005 2146 1060 2165 nos
1081 2138 1156 2166 caeli
1177 2138 1256 2168 cives
1277 2143 1451 2177 suscipiant.

944 2194 1006 2222 Nos
1028 2195 1165 2223 timentes
1186 2197 1280 2225 hostis
1301 2198 1436 2233 insidias,

943 2232 1029 2260 Hora
1046 2235 1150 2261 mortis
1170 2236 1266 2272 magis
1287 2245 1377 2273 quam
1396 2238 1482 2272 aliae,

946 2269 1159 2307 SupplicamuS,
1180 2276 1215 2301 ut
1232 2283 1312 2302 nunc
1327 2276 1487 2305 subvenias

943 2308 985 2335 Et
1004 2318 1058 2337 nos
1080 2318 1136 2345 ope
1154 2313 1208 2340 tua
1227 2313 1387 2342 custodias.

945 2366 1060 2394 Mentes
1080 2370 1197 2397 nostras
1217 2372 1348 2406 peccatis
1369 2372 1484 2400 deditas

943 2404 1071 2432 Multum
1093 2408 1186 2434 terret
1204 2408 1299 2437 hostis
1320 2411 1475 2446 acerbitas,

943 2442 1499 2484 Etnunc‚mater,quaecaeloshabitas,

944 2480 1012 2515 Fac,
1033 2483 1067 2507 ut
1086 2482 1170 2509 detur
1190 2485 1276 2513 nobis
1297 2487 1451 2515 securitas.
