1651 2700
705 143 940 179 ...26.-.

191 242 244 277 17.
270 239 401 278 Simeon
431 252 542 275 munus
567 243 797 284 praesentatur,
870 240 925 273 20.
950 236 1080 272 Xristus
1109 236 1198 268 redit
1218 234 1281 267 iam
1310 231 1481 272 defuncta,

273 291 411 324 Verbum
426 290 602 331 perfectum
612 289 796 331 inspiratur,
952 286 1011 325 Qui
1035 283 1232 326 quaerebant
1256 283 1378 315 cunctis

269 338 403 371 Minime
428 338 489 370 hoc
512 340 559 369 est
584 338 718 370 relatum
952 354 1375 369 ........

313 386 549 425 Contingenter,
577 394 594 417 o
619 383 732 416 Maria.
1012 402 1375 414 .......

186 463 239 495 18.
267 459 397 495 Transit
419 469 500 502 puer
523 461 555 491 in
580 460 769 499 Aegyptum,
868 458 923 490 21.
950 454 1056 490 Yesus
1081 455 1135 487 via
1160 456 1209 486 est
1234 456 1264 485 et
1290 453 1367 495 vita,

266 509 329 542 Per
363 509 505 549 angelum
529 510 565 538 ut
589 509 637 538 est
663 505 790 542 dictum,
945 503 1048 547 Salus,
1075 503 1178 534 virtus
1201 500 1337 543 infinita,

265 555 444 595 Filiumque
466 555 666 586 benedictum
945 552 1008 583 Per
1033 558 1126 591 quem
1150 557 1236 581 nunc
1258 549 1301 581 sit
1327 548 1480 581 exaudita

311 601 426 635 Defert
448 602 563 641 Ioseph
588 610 658 633 oum
674 598 788 632 Maria.
991 598 1112 630 Nostra
1136 598 1206 629 laus
1233 597 1273 629 de
1297 597 1413 629 Maria.

184 680 237 713 19.
261 675 325 712 Ubi
347 679 434 710 venit
457 686 514 708 rex
541 677 681 718 deorum,
863 676 917 708 22.
945 672 1043 708 zelus
1070 677 1144 706 tuae
1169 674 1301 714 pietatis

265 726 359 759 Canit
381 723 475 756 turba
498 724 693 764 angelorum,
942 723 987 754 Et
1010 725 1164 762 purgatos
1189 732 1209 754 a
1231 720 1373 761 peccatis

266 773 358 805 Cadit
383 772 463 803 ritus
488 771 679 804 Iudaeorum
942 770 1010 803 Nos
1033 770 1190 802 conducat
1213 778 1282 802 cum
1309 768 1411 801 beatis

311 819 424 852 Coram
447 822 522 851 nato
550 819 589 850 de
611 819 728 852 Maria.
990 817 1197 861 Suppliciter,
1224 826 1241 849 o
1264 817 1383 849 Maria.

245 903 323 931 Orat.
339 911 391 930 ms.
406 902 542 931 Italicum
556 911 630 931 saec.
646 901 690 931 15.
720 903 789 932 Ood.
804 903 832 932 S.
847 903 957 939 Ignatii
969 903 1135 931 Londinen.
1148 911 1172 930 s.
1185 912 1214 930 n.
1228 902 1264 929 A.
1279 918 1316 923 —
1330 902 1388 930 Str.
1404 901 1478 930 1—5

167 940 241 968 auch
264 941 315 968 auf
331 943 426 969 ciuem
446 940 660 969 Vorsetzblatte
681 943 761 969 einer
780 942 834 970 Hs.
856 949 931 969 sace.
955 940 1008 975 14.,
1029 949 1135 969 wovon
1154 941 1203 968 ich
1216 939 1369 968 Absohrift
1381 941 1480 969 Herm

166 980 246 1007 Petit
270 987 328 1006 von
356 978 407 1006 der
426 979 633 1016 Bibliotheque
662 980 698 1007 de
717 980 889 1016 Bourgogne
919 979 1078 1007 verdanke,
1103 980 1135 1007 B.
1163 994 1200 998 —
1226 977 1258 1014 1,
1279 977 1298 1006 2
1319 980 1402 1007 Caeli
1421 980 1481 1007 Dei

166 1021 259 1044 mater
277 1017 318 1052 A3
345 1018 403 1045 Dei
428 1018 517 1046 verbo
538 1021 632 1045 mater
651 1018 684 1046 B.
703 1033 743 1037 —
763 1016 788 1050 2,
808 1017 829 1046 4
847 1018 976 1046 Verbum
997 1026 1063 1045 caro
1085 1014 1160 1055 de(0)
1178 1018 1277 1045 Maria
1296 1018 1331 1046 A.
1351 1033 1391 1038 —
1410 1015 1436 1051 3,
1461 1015 1479 1046 2

166 1055 302 1083 habitum
316 1055 350 1082 A.
371 1070 409 1074 —-
426 1055 454 1088 4,
469 1053 487 1083 ἕ1
506 1058 609 1092 iugum
628 1065 738 1092 pravae
750 1056 783 1085 B.
797 1072 836 1076 —
850 1054 875 1091 5,
891 1054 909 1084 3
922 1056 973 1083 Fit·
990 1057 1149 1084 immensus
1170 1057 1223 1084 sub
1245 1065 1383 1084 mensura
1395 1057 1429 1084 B.
1445 1070 1480 1075 ——

169 1093 250 1121 Nach
271 1094 327 1121 Str.
349 1092 364 1121 t
390 1094 431 1121 ist
451 1095 516 1122 eine
536 1094 591 1122 Str.
616 1095 659 1129 (F)
679 1092 870 1131 ausgefallen.
892 1110 929 1114 —-
948 1092 975 1129 3,
998 1092 1016 1121 2
1034 1095 1167 1122 habitum
1187 1095 1222 1122 A.
1243 1109 1280 1113 —
1304 1093 1346 1129 10,
1369 1093 1384 1122 1
1404 1095 1481 1123 Leta

169 1131 270 1159 mundi
287 1132 322 1159 A.
341 1146 381 1150 —-
403 1130 448 1166 12,
465 1129 483 1159 3
502 1132 600 1160 fehlen
619 1134 692 1161 zwei
708 1133 824 1161 Silben:
845 1134 876 1160 in
897 1133 947 1160 der
960 1132 1154 1161 Eandschrift
1174 1134 1215 1160 ist
1234 1134 1300 1161 eine
1313 1133 1416 1161 Lsicke
1430 1142 1480 1170 ge-

167 1169 276 1197 lassen.
315 1169 450 1206 Erganze
477 1172 570 1199 mori?
610 1171 678 1199 Lies
703 1172 871 1207 praescire?
901 1185 938 1190 —-
968 1171 1025 1199 Str.
1055 1168 1089 1199 13
1116 1171 1289 1200 verdorben.
1313 1186 1353 1190 —
1385 1169 1435 1206 14,
1463 1169 1477 1199 1

168 1207 261 1241 Parit,
281 1208 342 1244 legi
362 1207 437 1235 fehlt
457 1208 491 1235 A.
511 1223 544 1228 -ῆ
570 1207 614 1244 14,
635 1207 654 1236 2
673 1211 708 1237 ut
728 1218 747 1237 a
764 1212 887 1244 peccata
904 1211 940 1238 A.

620 1348 661 1379 15.
692 1348 736 1379 De
756 1349 851 1380 beata
871 1348 971 1381 Maria
991 1349 1026 1380 V.

306 1429 337 1460 1.
365 1425 447 1472 Ave,
471 1428 605 1469 laetitia,
631 1428 772 1461 Ioachim
797 1429 943 1469 dulcedo,
969 1429 1086 1472 Maria,

364 1472 460 1508 Vitae
481 1475 648 1516 munditia,
681 1477 811 1508 caelesti
834 1477 930 1517 plena
954 1477 1076 1518 sophia,

361 1519 491 1556 Eiciens
515 1523 596 1556 vitia
619 1523 739 1564 largire
765 1524 958 1557 charismata
984 1525 1047 1558 dia.

308 1601 340 1631 2.
366 1595 476 1632 Murus
500 1599 688 1640 honestatis,
713 1600 872 1632 thalamus
898 1610 1038 1634 summae
1064 1602 1203 1644 deitatis,

361 1643 452 1680 Aura
477 1647 660 1687 voluptatis,
687 1648 781 1679 tellus
806 1650 964 1688 promissa
986 1650 1099 1690 beatis,

362 1690 488 1734 Regula
513 1698 602 1726 recta
625 1696 714 1735 ratis,
737 1696 924 1736 virguncula
947 1695 1064 1730 florida
1087 1699 1175 1741 satis,

363 1738 470 1774 Insula
493 1742 656 1781 praelatis,
683 1743 767 1775 stola
792 1744 930 1776 candida
953 1745 1171 1785 sanctificatis,

361 1786 467 1823 Ablue
491 1791 631 1829 peccatis
655 1788 801 1833 infectOS,
829 1791 901 1823 fons
925 1792 1065 1833 pietatis.

307 1866 325 1897 ΕΟ

330 1890 337 1897 .
366 1862 495 1899 Gemma
524 1866 679 1908 salutatis,
706 1876 778 1907 spes
804 1870 922 1911 nostra,
951 1868 1026 1902 Sion
1051 1872 1228 1911 specularis

362 1910 489 1953 Regina
512 1914 627 1946 solaris
653 1918 686 1946 et
707 1915 798 1956 regni
825 1917 1036 1958 clavicularis,

362 1958 448 1994 Aula
472 1961 624 2000 puellaris
651 1965 683 1994 et
708 1965 820 2003 aperta
844 1965 979 1997 scientia
1002 1966 1119 2010 gnaris,

366 2004 415 2041 Tu
442 2009 538 2041 decor
563 2010 684 2052 altaris,
710 2011 815 2050 puteis
840 2015 875 2043 tu
901 2013 1013 2046 dulcor
1036 2016 1162 2061 amaris,

366 2052 466 2089 Ianua
491 2057 668 2100 templaris,
694 2067 775 2098 quae
801 2060 910 2092 clausa
933 2060 1002 2094 Deo
1028 2064 1199 2103 generariS,

362 2101 472 2136 Aurea
498 2104 592 2137 stella
614 2106 721 2146 maris,
747 2106 841 2146 placa
863 2117 961 2150 mare,
989 2111 1039 2142 cui
1058 2111 1240 2145 dominaris.

305 2180 337 2212 4.
361 2176 449 2212 Pura
471 2179 533 2212 Dei
557 2181 683 2220 matrix,
711 2183 779 2215 ovis
802 2184 938 2218 amissae
962 2188 1154 2229 miseratrix,

364 2223 538 2267 Lampadis
564 2230 716 2273 ornatrix,
748 2231 889 2265 decimae
916 2235 1086 2267 drachmae
1111 2234 1311 2279 cumulatrix,

363 2270 475 2308 Enoch
500 2276 658 2308 servatrix
684 2280 717 2309 et
739 2278 841 2320 Eliae,
865 2280 922 2313 Iob
947 2283 1132 2324 relevatrix,

365 2319 482 2357 Nostra
505 2322 720 2367 reformatrix,
747 2326 877 2360 Domini
899 2329 1039 2363 Sabaoth
1063 2331 1244 2374 mediatrix,

364 2368 467 2412 Assis,
492 2373 679 2404 mundatrix
702 2374 835 2420 animae,
863 2378 976 2410 mundi
999 2379 1191 2419 reparatrix.
