1651 2700
723 146 983 182 —112—

238 248 267 279 9.
297 248 321 280 Ο
347 246 457 287 regina
480 245 657 288 singularis,
893 243 947 277 11.
974 244 998 276 O
1025 243 1114 282 virgo
1139 241 1363 283 sacratissima,

297 296 383 335 Quae
407 294 512 327 Maria
537 293 717 336 nominaris,
972 291 1076 331 Super
1099 298 1207 321 omnes
1230 288 1412 330 purissima,

297 342 393 375 Salva
417 351 473 374 nos
498 351 518 373 a
542 341 662 374 cunctis
687 339 779 372 malis
970 338 1049 370 Esto
1075 336 1166 369 nobis
1190 337 1332 377 propitia

341 389 384 423 Et
411 390 452 421 da
476 397 584 421 verum
609 388 768 427 gaudium.
1017 386 1081 418 Pro
1106 385 1209 416 salute
1234 383 1385 416 fidelium.

215 475 267 510 10.
293 477 374 514 Ave,
398 475 485 516 virgo
511 473 696 512 castissima,
893 473 946 505 12.
975 471 1032 504 Pia
1056 473 1158 503 mater
1182 469 1338 510 amabilis,

293 524 399 556 Mater
423 522 484 554 Dei
507 521 717 560 sanctissima,
974 519 1039 551 Ora.
1063 528 1121 559 pro
1147 519 1209 550 tuis
1235 516 1374 557 famulis,

295 571 373 612 Spes
396 573 505 602 nostra
529 578 547 601 o
574 568 765 605 dulcissima,
974 566 1023 598 Ne
1051 569 1185 606 pereant
1211 574 1279 597 oum
1306 565 1430 597 miseris

343 616 459 649 Confer
483 616 574 648 nobis
600 614 783 647 remedium.
1020 615 1057 646 In
1083 612 1200 645 inferni
1225 612 1426 653 supplicium.

549 692 602 725 13.
630 691 765 732 Christe,
791 691 836 723 fili
861 691 920 722 Dei
946 691 1060 732 patris,

629 738 693 771 Pro
716 747 823 771 amore
848 741 921 770 tuae
945 739 1056 770 matris

630 787 759 819 colloca
782 796 839 819 nos
865 795 935 818 cum
960 785 1062 818 beatis

678 836 715 867 In
741 835 877 866 caeleste
902 833 1065 874 palatium.

276 908 345 938 God.
366 909 395 937 S.
415 910 548 938 Floriani
569 910 621 938 XI.
646 908 710 936 172.
738 918 812 937 saec.
835 906 879 936 15.
904 923 943 928 —
966 906 993 941 3,
1015 907 1034 935 2
1060 911 1089 936 et
1113 909 1193 937 fehlt.
1220 922 1258 927 —
1284 906 1310 941 4,
1331 906 1350 935 4
1375 908 1420 935 Ad
1444 908 1502 935 mei

198 945 440 1019 ffis’rgisbsseh'hss
460 947 501 976 Et
519 951 630 984 portus.
702 946 729 981 7,
743 946 762 975 4
781 948 822 975 Et
834 948 892 975 via.
907 961 942 965 -—
964 945 990 980 9,
1007 945 1026 974 4
1045 948 1087 975 Et
1099 947 1137 974 da
1150 947 1236 975 nobis
1251 955 1322 975 vera
1336 947 1453 983 gaudia.
1466 960 1501 964 —

646 1088 689 1118 77.
719 1087 763 1117 Do
783 1087 878 1118 beata
898 1085 997 1119 Maria
1017 1087 1052 1118 V.

213 1170 270 1202 la.
296 1169 488 1211 Imperatrix
513 1169 661 1209 gloriosa,
888 1168 948 1202 112.
976 1167 1148 1208 virginalis
1171 1166 1274 1199 famae
1299 1167 1396 1206 glosa,

294 1217 341 1248 Tu
368 1216 408 1248 de
432 1216 523 1257 spina
549 1215 686 1248 candens
712 1224 794 1256 rosa,
972 1216 1035 1247 Pro
1059 1217 1153 1256 gente
1177 1214 1357 1247 facinorosa.

340 1263 486 1296 Genuisti
508 1263 620 1303 lilium,
1019 1263 1123 1294 Tuum
1145 1272 1201 1294 ora
1224 1261 1336 1293 filium.

210 1342 268 1372 2a.
295 1340 343 1371 Tu
369 1348 401 1370 es
427 1339 521 1371 stella
545 1338 707 1382 matutina,
888 1338 947 1372 2b.
975 1338 1041 1370 Nos
1066 1348 1086 1370 a
1110 1337 1239 1370 sceleris
1265 1337 1390 1369 sentina

293 1386 457 1420 claritatis
482 1386 537 1418 lux
565 1386 681 1425 divina,
973 1385 1134 1418 Mundans
1158 1390 1191 1417 et.
1214 1386 1299 1417 mala
1322 1384 1428 1417 vicina

342 1433 504 1468 castitatis
528 1434 640 1474 lilium,
1019 1433 1121 1476 Fuga,
1145 1434 1214 1465 laus
1238 1432 1412 1465 humilium.

209 1513 268 1544 Sa.
295 1510 490 1551 Miserum,
515 1509 607 1550 larga
629 1512 740 1551 mater,
890 1509 950 1543 31).
976 1509 1020 1542 Ut
1045 1511 1208 1549 prostrato
1233 1508 1325 1541 hoste
1348 1509 1414 1540 lato

296 1557 370 1590 Cum
397 1566 453 1589 nos
474 1560 609 1596 temptet
625 1557 723 1589 hostis
740 1559 816 1597 ater.
1023 1556 1085 1588 Det
1106 1565 1218 1596 pacem
1240 1555 1457 1596 pereuntibus.

341 1604 497 1637 Miserere
521 1604 718 1644 supplicum3
974 1604 997 1636 O
1025 1604 1134 1644 regina
1157 1603 1268 1636 mundi
1292 1604 1356 1644 pia,

295 1651 482 1692 Mediatrix‚
508 1651 594 1683 Deus
619 1655 711 1690 pater
973 1651 1102 1683 Adiuva
1126 1661 1183 1683 nos
1205 1652 1238 1683 in
1262 1651 1323 1682 hac
1348 1650 1400 1682 via

342 1698 389 1731 Te
413 1698 490 1730 fecit
516 1708 569 1730 vas
594 1698 755 1738 publicum
1019 1699 1157 1730 Miseros
1183 1702 1216 1730 et
1240 1700 1375 1738 exsule5‚

293 1746 356 1778 Suo
380 1749 465 1785 nato,
491 1754 583 1785 quem
608 1750 718 1787 rogato
974 1745 1161 1778 Columbina
1186 1751 1223 1778 m
1246 1746 1361 1790 Maria,

344 1794 405 1825 Pro
430 1793 521 1825 nobis
546 1794 771 1836 maerentibus,
1023 1793 1091 1827 Fac
1113 1803 1170 1826 nos
1197 1794 1276 1826 caeli
1301 1803 1461 1834 proceres.

277 1868 349 1896 Glm.
369 1868 524 1896 Monacen.
542 1868 592 1903 (ol.
612 1868 804 1904 Alrispaeen.)
823 1867 907 1897 2548.
930 1878 1006 1898 saec.
1030 1868 1075 1897 12.
1095 1870 1160 1897 add.
1181 1868 1257 1899 ¹³11-5.

642 1990 690 2021 78.
725 1989 765 2020 ne
783 1990 881 2022 lseata
898 1990 1000 2023 Maria
1018 1991 1056 2022 V.

216 2070 245 2104 1.
272 2068 478 2110 Impudenter
502 2070 633 2103 circuivi
892 2074 922 2106 3.
950 2073 1061 2115 Porro,
1088 2081 1156 2105 cum
1184 2082 1273 2105 amor
1297 2076 1330 2105 et
1353 2083 1435 2116 amo,

322 2116 439 2156 Solum,
457 2117 542 2157 quod
557 2126 646 2150 mare
657 2118 821 2160 terminat,
994 2120 1103 2153 Mater
1125 2130 1224 2153 aenea
1246 2122 1363 2159 media,

275 2165 453 2197 indiscrete
475 2165 650 2205 concupivi,
951 2169 987 2201 Iu
1013 2171 1231 2200 momentaneo
1257 2177 1384 2208 spasmo

322 2211 482 2253 Quidquid
495 2216 651 2244 amantem
665 2213 819 2253 inquinat.
999 2215 1187 2248 Certaminis
1211 2217 1357 2249 materia.

215 2291 247 2323 2.
274 2288 308 2321 Si
332 2297 412 2330 amo,
438 2287 546 2321 forsan
569 2297 632 2321 nou
657 2298 754 2331 amor,
892 2294 923 2324 4.
950 2292 1002 2324 Ex
1028 2301 1088 2332 quo
1112 2300 1185 2324 caro
1210 2293 1304 2333 longe
1329 2291 1430 2326 foetet

320 2337 410 2369 Tunc
433 2345 492 2377 pro
517 2336 666 2368 mercede
686 2337 819 2378 crucior,
996 2340 1049 2371 Ad
1076 2339 1192 2371 amoris
1217 2340 1355 2378 aculeos,

274 2386 341 2417 Aut
365 2393 463 2427 amor,
489 2392 549 2416 nec
572 2384 604 2416 in
629 2393 679 2416 me
704 2394 801 2425 amor,
948 2387 1031 2427 Quos
1055 2387 1154 2427 igitur
1177 2388 1264 2419 ultra
1287 2391 1377 2427 petet

321 2433 411 2465 Tunc
434 2432 575 2474 ingratus
598 2430 729 2466 efficior.
999 2434 1078 2467 Veri
1102 2435 1218 2467 amoris
1244 2444 1365 2471 aereos,
