1651 2700
220 265 251 297 7.

194 1488 246 1519 10.

712 160 944 195 „60-

277 264 357 304 Ave,
385 272 477 304 quam
503 259 739 303 praeconizavit

327 310 555 351 Prophetarum
582 308 694 346 contio,

279 363 377 398 Quam
407 358 565 397 scriptura
588 351 804 396 praesignavit

326 406 433 439 Omnis
458 405 497 436 ab
517 404 616 445 initio,

276 454 395 493 Bubus,
422 461 513 493 quem
539 447 751 483 consideravit

322 500 451 540 Moyses
477 496 521 542 [in
545 493 655 540 invio],

278 549 379 580 Tuum
396 549 521 587 partum
538 542 805 586 praemonstravit

324 595 378 628 Sui
402 603 463 626 non
488 591 645 625 incendio.

278 672 358 711 Ave,
385 668 536 709 templum
561 666 746 704 Salomonis,

324 717 387 750 Sed
408 725 471 748 non
495 723 590 746 manu
615 713 785 753 conditum,

277 764 387 797 Turris
412 763 504 796 vallis
530 761 671 802 visionis,

324 813 469 846 Castrum
492 809 590 842 muris
614 809 753 848 insitum,

276 860 363 892 Leva
389 859 512 899 signum
536 857 660 889 unionis

324 905 453 939 Gratiae
477 905 518 937 ad
543 904 700 945 spiritum,

274 954 322 987 Ut
344 953 469 985 hostilis
494 952 640 986 stationis

322 1000 457 1033 Terreas
483 1000 665 1033 exercitum.

275 1079 354 1116 Ave,
381 1085 470 1116 quae,
497 1076 571 1108 dum
594 1074 761 1107 credidisti

324 1123 462 1157 Caelesti
486 1123 623 1164 spiritui,

274 1172 464 1211 Incorrupta
488 1171 663 1210 concepisti

322 1219 382 1252 Dei
406 1227 522 1258 parens
544 1218 651 1258 nutui3

273 1267 370 1307 Ergo,
393 1269 495 1299 mater
519 1267 593 1298 lesu
618 1264 746 1305 Christi,

322 1312 438 1347 Confer
462 1322 553 1353 opem
580 1314 691 1355 coetui,

276 1362 370 1394 Cuius
397 1370 492 1394 causa
514 1361 658 1393 meruisti

318 1408 391 1442 Hoc
412 1409 533 1441 honore
555 1407 690 1449 perfrui,

273 1487 353 1527 Ave,
379 1494 437 1525 per
462 1494 555 1524 quam
581 1488 627 1515 est
654 1484 770 1516 collata

319 1532 493 1572 Prophetia
513 1541 623 1573 puero,

275 1580 318 1613 Ut
341 1584 374 1612 te
398 1588 475 1612 voce
499 1589 561 1612 non
585 1580 710 1619 prolata

322 1628 447 1660 Salutet
469 1627 504 1658 in
527 1632 629 1659 utero.

273 1675 318 1707 Ut
341 1674 516 1717 Elisabeth,
544 1673 662 1707 adflata

321 1722 416 1754 Flatu
440 1721 614 1765 salutifero,

276 1769 337 1801 Dei
361 1772 493 1801 matrem
520 1774 569 1802 est,
589 1772 696 1801 testati

323 1818 368 1849 Te
394 1818 531 1849 clamore
554 1816 665 1849 libero.

192 1896 246 1929 11.
271 1895 351 1935 Ave,
378 1894 522 1934 genetrix
548 1893 659 1926 effecta

197 2306 253 2339 12.

322 1941 418 1974 Nullo
443 1942 503 1975 viri
528 1941 667 1982 foedere,

278 1989 352 2021 Sola
376 1990 463 2030 virgo
488 1990 670 2029 praeelecta

326 2038 401 2070 Sine
423 2045 526 2077 poena
548 2046 673 2079 parere,

278 2084 370 2117 Luna
395 2085 434 2116 de
458 2089 490 2116 te
514 2085 597 2116 nube
620 2089 713 2124 tecta,

324 2132 377 2164 Sol
402 2131 511 2171 prodit
534 2133 573 2164 de
593 2133 707 2170 sidere,

279 2179 379 2219 Luna,
404 2180 541 2223 inquam,
568 2180 625 2211 sed
647 2179 792 2220 perfecta

325 2227 478 2260 Nesciens
505 2226 650 2260 deficere.

795 2208 801 2224 5

279 2305 358 2344 Ave,
387 2303 488 2344 virgo,
515 2303 555 2335 tle
580 2312 640 2343 qua
664 2306 757 2336 natus

326 2352 412 2385 Deus
436 2359 528 2384 verus
554 2352 704 2391 creditur,

279 2401 367 2433 Idem
395 2407 505 2431 creans
531 2402 560 2430 et
587 2402 720 2440 creatus,

327 2450 428 2482 Actor
453 2449 501 2480 est
525 2450 556 2478 et
580 2447 693 2490 agitur,

953 257 990 289 In
1016 263 1191 296 praesaepe
1215 256 1387 288 reclinatus

1004 303 1121 337 Pannis
1147 303 1414 344 circumcingitur,

956 351 1020 384 Sed
1046 351 1079 382 in
1105 351 1200 383 caelis
1226 351 1377 384 adoratus

1003 397 1079 430 Sine
1101 398 1167 430 fine
1187 399 1312 432 colitur.

880 476 934 508 13.
961 476 1040 515 Ave,
1068 483 1160 514 quam
1185 474 1343 506 honorant
1366 483 1456 515 reges

874 885 928 918 14.

873 1295 927 1327 15.

873 1705 926 1737 16.

875 2116 928 2149 17.

1002 521 1150 561 Mysticis
1175 522 1368 563 muneribus,

957 569 1036 602 Suos
1067 569 1140 601 dum
1165 569 1337 601 observant
1360 577 1481 611 greges,

1004 616 1137 657 Cognita
1160 616 1353 657 pastoribus,

955 666 1042 705 Quae
1067 672 1135 695 cum
1161 664 1277 696 veteris
1302 673 1365 696 non
1391 672 1463 703 eges

1001 711 1096 752 Legis
1121 711 1377 754 baptismatibuS,

957 760 1077 801 Sponte
1101 762 1207 792 tamen
1231 758 1346 799 imples
1371 759 1468 799 leges,

1003 806 1076 840 Non
1102 808 1201 847 ligata
1224 807 1359 848 legibus.

955 884 1034 921 Ave,
1064 884 1158 916 decus
1183 884 1363 921 mulierum,

1002 932 1088 970 Quae
1111 932 1144 963 in
1169 932 1288 972 templo
1312 931 1482 963 Dominum

956 979 1117 1021 Obtulisti,
1143 979 1250 1011 lumen
1275 987 1394 1022 verum,

1003 1027 1202 1060 Salvatorem
1227 1027 1397 1064 hominum,

954 1074 1000 1106 Et
1022 1083 1108 1107 nunc
1130 1075 1282 1114 populum
1311 1077 1343 1105 et
1365 1074 1486 1105 clerum

1002 1122 1108 1163 Salva,
1136 1121 1223 1163 virgo
1249 1121 1416 1165 virginum,

953 1169 1041 1202 Dans
1069 1170 1104 1202 in
1127 1169 1238 1202 ultimo
1265 1169 1389 1201 dierum

1002 1217 1137 1250 Veniam
1161 1217 1389 1257 peccaminum.

953 1295 1033 1337 Ave,
1060 1302 1142 1334 quae
1164 1292 1273 1327 lesum
1295 1293 1453 1326 infantem

1003 1342 1081 1375 Cum
1107 1342 1217 1374 dolens
1242 1343 1435 1383 quaesieras,

954 1389 1109 1422 Invenisti
1136 1389 1352 1430 disputantem

1002 1436 1074 1469 Non
1099 1436 1246 1470 edoctum
1270 1438 1392 1481 literas,

953 1485 1054 1517 Tuum
1079 1485 1232 1525 populum
1258 1488 1454 1525 peccantem,

1002 1533 1207 1574 Quaesumus,
1233 1541 1274 1565 ne
1299 1533 1437 1576 deseras,

954 1579 1017 1611 Sed
1041 1580 1205 1620 requirens
1229 1579 1431 1612 aberrantem

1001 1627 1121 1660 Tecum
1146 1628 1236 1660 caelo
1258 1625 1445 1660 transieras.

953 1704 1034 1743 Ave,
1061 1712 1119 1743 per
1144 1704 1396 1737 architriclinum

1001 1751 1142 1784 Invitata
1166 1751 1298 1793 nupt-iis,

955 1799 1021 1832 Ubi
1046 1797 1124 1831 fecit
1149 1808 1263 1839 aquam
1289 1800 1393 1832 vinum

1003 1846 1149 1879 Christus
1172 1848 1207 1879 in
1231 1848 1398 1889 conviviis,

956 1894 1050 1927 Color
1075 1903 1175 1935 aquae
1198 1896 1232 1927 in
1258 1896 1405 1928 citi-inum

1002 1943 1134 1975 Transit
1157 1944 1226 1975 sine
1250 1944 1375 1982 mediis,

955 1991 1024 2023 Tua
1047 1990 1113 2023 fide
1139 1989 1176 2022 fit
1202 1991 1343 2025 divinum

1003 2039 1090 2078 Opus
1115 2040 1177 2071 hoc
1199 2040 1233 2071 in
1257 2039 1393 2080 hydriis.

956 2116 1035 2155 Ave,
1063 2116 1175 2148 videns
1200 2117 1248 2148 tui
1271 2118 1340 2149 nati

1001 2163 1179 2203 Flagellari
1200 2164 1314 2204 latera,

958 2211 1076 2243 Videns
1102 2214 1135 2243 et
1157 2211 1191 2242 in
1219 2220 1312 2244 cruce
1335 2214 1404 2253 pati

1002 2258 1119 2291 Mortis
1151 2258 1221 2291 dira
1249 2260 1392 2302 vulnera,

956 2305 1112 2346 Aperitur
1137 2306 1212 2338 dum
1236 2307 1344 2340 rimati

1005 2354 1149 2386 Pectoris
1173 2364 1249 2395 pars
1277 2357 1420 2398 dextera,

955 2402 1060 2441 Aqua,
1085 2402 1212 2441 sanguis
1239 2404 1380 2436 clirimati

1008 2448 1127 2481 Nostra
1149 2449 1258 2483 lavant
1284 2453 1416 2487 scelera,
