1653 2701
731 116 964 150 —20-

650 222 677 252 7.
706 221 748 252 De
767 219 862 251 beata.
881 217 981 249 Maria
1001 217 1035 247 V.

642 302 740 340 Audi,
767 300 855 341 virgo
879 299 1046 339 virginum,

642 349 728 388 Quae
750 345 878 380 lactasti
902 345 1081 382 Dominum,

643 396 761 427 Verum
785 395 890 426 lumen
914 393 1082 434 hominum,

644 444 757 475 Preces
781 439 1039 481 supplicantium,

586 494 615 525 5.
643 491 720 522 Sese
744 488 969 527 accusantium,

643 537 689 568 Te
715 535 973 577 desiderantium,

643 585 696 616 Ad
720 587 753 615 te
776 582 1013 624 suspirantium,

642 631 706 664 Per
729 635 761 663 te
787 630 1016 671 dimicantium,

644 678 704 711 Pro
728 682 761 710 te
786 678 1022 721 gratulantium,

561 726 615 759 10.
641 726 694 759 De
718 729 751 758 te
775 725 1055 766 praesumentium,

639 775 677 807 In
702 777 734 805 te
759 773 994 814 confidentium,

640 822 804 854 Lacrimas
829 819 1040 861 fundentium,

640 869 761 901 Misere
785 869 986 910 gementium,

642 918 761 949 Amare
784 916 969 956 dolentium,

563 965 619 997 15,
644 965 729 997 Vere
750 964 990 1004 paenitentiuxn.

275 1039 345 1067 Coti.
367 1039 486 1067 Trecen.
509 1038 557 1075 (ol.
579 1038 786 1075 claravaflen.)
808 1036 889 1066 1612.
911 1046 987 1066 saec.
1010 1036 1053 1065 15.

656 1170 683 1202 8.
715 1170 757 1201 De
777 1170 870 1201 beata
890 1169 991 1201 Maria
1012 1169 1046 1201 V.

237 1275 244 1281 .
269 1250 355 1281 Aula
378 1253 488 1282 vernat
514 1250 688 1290 virginalis,

274 1297 369 1329 Cuius
393 1306 468 1337 pars
495 1300 543 1329 est
566 1298 731 1337 integralis

320 1345 462 1382 Tectum,
488 1353 546 1385 pes
571 1348 602 1376 et
625 1345 741 1385 paries,

273 1392 379 1432 Iungit
404 1392 484 1424 haec
507 1393 540 1424 in
565 1401 660 1424 unum
685 1393 748 1425 ‘tria

272 1439 389 1471 Trinus
414 1449 494 1471 unus
518 1440 551 1471 in
575 1440 690 1478 Maria,

320 1486 424 1518 Iuncti
448 1487 550 1525 ponet
574 1487 682 1519 series.

237 1579 244 1586 .
272 1553 416 1586 Christus
443 1558 534 1593 petra
555 1552 807 1595 fundamentum,

272 1600 381 1632 Tenax
406 1601 481 1631 tecti
506 1603 719 1640 tegumentum

319 1647 530 1679 Obumbrator
554 1648 697 1688 spiritus,

272 1695 429 1726 Parietem
452 1704 545 1734 posse
568 1696 669 1736 patris

273 1741 388 1784 Stipat,
413 1745 448 1773 ut
475 1743 623 1781 procellis
648 1744 726 1775 atris

319 1789 433 1822 Obviet
460 1790 635 1830 oppositus.

237 1882 244 1889 .
270 1855 364 1888 Parit
387 1859 503 1887 tectum
528 1857 743 1900 architectum,

271 1903 356 1935 Auia
380 1912 495 1944 regem,
522 1904 608 1936 cuius
631 1905 732 1946 legem

320 1950 383 1982 Sua
409 1954 499 1983 curat
523 1953 627 1995 curia3

271 1998 401 2031 Rubent
425 2007 517 2030 rosae
540 2000 703 2038 speciosae

273 2045 505 2086 Fundamento,
531 2046 711 2086 pavimento

319 2093 443 2126 Munda
468 2094 605 2125 candent
628 2094 706 2129 lilia.

237 2185 245 2192 .
271 2161 309 2193 In
333 2169 368 2191 se
392 2159 510 2192 formas
535 2161 722 2201 angulorum

270 2208 351 2240 Fert
373 2207 516 2247 beryllus
540 2210 573 2239 et
597 2208 744 2241 decorum

318 2255 476 2288 Parietem
501 2255 624 2297 circuit,

271 2304 351 2337 Cum
374 2303 513 2343 saphyro
537 2305 603 2335 stat
625 2313 776 2344 pyropuS,

272 2351 438 2391 virginale
461 2351 589 2391 signans
614 2360 693 2391 opus

319 2399 493 2434 Caritatem
516 2398 630 2432 innuit.

896 1251 926 1283 5.
952 1249 992 1282 In
1023 1250 1145 1281 cortina
1170 1250 1338 1290 copulatur

955 1297 1055 1329 Cocco
1080 1297 1195 1337 byssus
1222 1300 1253 1329 et
1277 1300 1402 1329 artatur

1002 1345 1077 1377 Cum
1104 1346 1244 1378 iacintho
1270 1354 1424 1385 purpura,

954 1393 1008 1425 Sol
1033 1395 1096 1424 stat
1121 1391 1202 1425 fixus
1226 1393 1259 1424 in
1283 1393 1345 1425 hoc
1371 1393 1467 1435 caelo,

956 1439 1010 1471 Sol
1035 1440 1067 1471 in
1093 1441 1197 1482 stella,
1224 1440 1319 1472 steila
1342 1441 1412 1472 velo

999 1487 1109 1519 Vincit
1133 1488 1231 1520 maris
1255 1497 1428 1520 murmura.

894 1575 926 1607 6.
951 1574 1162 1614 Purpuratur,
1191 1574 1265 1605 dum
1291 1577 1436 1607 sacratur

1004 1622 1112 1661 Virgo,
1139 1621 1254 1662 byssus
1278 1621 1418 1662 humiiis,

951 1669 989 1701 111
1017 1669 1163 1701 doctrina
1187 1672 1253 1701 stat
1278 1670 1396 1710 divina,

996 1716 1142 1748 Iacintho
1168 1720 1217 1748 est
1240 1717 1362 1750 similis,

894 1804 925 1835 7.
952 1802 1157 1843 Designatur‚
1185 1804 1270 1843 quod
1295 1808 1422 1837 amatur

995 1849 1040 1882 Et
1064 1851 1147 1890 quod
1175 1854 1262 1883 amat
1285 1850 1431 1893 firmiter,

953 1896 1054 1930 Cocco
1079 1898 1180 1931 tincto
1206 1900 1258 1939 qui
1279 1900 1417 1933 iacincto

999 1945 1135 1979 Conubit
1160 1947 1356 1986 perenniter.

893 2033 924 2064 8,
951 2030 1071 2064 Domus
1100 2035 1276 2066 aromatica

997 2079 1119 2120 Nardo,
1146 2083 1226 2124 ture,
1255 2083 1387 2124 calamo,

949 2126 1071 2170 Murra,
1101 2128 1196 2160 cedro
1221 2130 1367 2171 mystica,

997 2175 1213 2215 Ginnamomo,
1239 2177 1393 2221 baisam,

894 2260 924 2292 9.
951 2260 1068 2293 Funda
1091 2270 1149 2293 nos
1171 2262 1207 2294 in
1229 2262 1307 2305 filio,

997 2308 1037 2341 In
1061 2312 1155 2349 patre
1179 2309 1352 2351 snffukias,

949 2356 989 2388 In
1014 2357 1118 2388 sancti
1142 2357 1291 2399 suffragio

998 2403 1137 2444 Spiritus
1163 2407 1301 2447 operias.
