1651 2700
656 145 892 181 —17-

570 237 597 270 5.
628 238 672 269 De
692 238 787 271 beata
809 239 910 271 Maria
929 240 963 270 V.

130 318 156 350 1.
186 314 257 351 Ara
280 318 353 361 Dei,
378 322 473 358 porta
497 320 576 363 spei,

231 366 328 407 Virgo
353 370 456 398 mater
479 368 583 405 unica,

186 414 249 445 Per
273 418 305 445 te
329 414 375 446 rei
403 415 508 447 cordis
533 415 595 447 mei

234 461 432 494 Candidetur
456 463 573 496 tunica.

126 543 156 570 μ’.
182 534 236 572 Vc
263 542 447 571 cunctarum
473 537 661 572 feminarum

232 587 363 619 Tollens
388 589 444 618 tua
468 587 569 627 gloria

189 632 386 667 Offensarum
413 637 647 667 contractarum

237 682 356 723 Purget
379 691 429 713 me
456 682 496 714 de
520 682 634 714 scoria.

128 760 158 792 3.
185 755 302 800 Mater,
330 758 415 797 audi,
443 759 500 790 sed
527 758 653 800 exaudi,

235 805 283 837 Sit
309 815 371 838 vox
396 805 471 837 licet
497 806 660 848 quaerula,

188 854 230 886 Os
256 863 329 885 nam
357 853 462 885 claudi
488 856 561 885 tuae
586 853 675 885 laudi

231 901 322 934 Mors
347 903 403 944 est,
432 901 518 933 vitae
543 900 656 935 ferula.

127 981 158 1012 4.
186 975 274 1019 Riga
298 987 396 1016 reum,
424 979 518 1018 placa
542 978 657 1017 Deum,

232 1027 320 1069 luva,
346 1026 443 1067 plena
467 1027 580 1067 gratia,

184 1073 235 1106 Da
259 1077 426 1114 tropaeum
453 1077 484 1105 et
510 1083 564 1106 cor
589 1082 702 1113 meum,

232 1122 279 1154 Te
305 1122 389 1162 quod
416 1120 524 1162 famet,
551 1121 643 1154 satia.

125 1201 155 1232 5.
182 1196 281 1231 Alma
305 1199 393 1231 Iesse
417 1199 516 1241 virga,
544 1198 649 1230 fessae

230 1246 350 1278 Mentis
375 1246 487 1286 ingens
514 1246 658 1286 musula,

185 1293 299 1326 Tutrix
325 1302 394 1326 esse
418 1294 497 1325 velis
522 1302 653 1334 pressae

232 1342 329 1375 Carni
352 1341 464 1373 mortis
490 1341 641 1375 clausula.

123 1420 153 1452 6.
182 1414 291 1452 Grata
315 1427 440 1450 morum
465 1416 576 1461 forma,
604 1418 729 1449 thorum

228 1465 366 1498 Servans
392 1465 512 1505 absque
536 1466 669 1508 macula,

179 1513 335 1546 Vitiorum
362 1515 398 1544 tu
421 1522 571 1556 meorum,

229 1561 336 1602 Virgo,
363 1561 490 1602 stingue
513 1561 627 1595 iacula.

119 1641 149 1672 7.
178 1635 266 1672 Oinis
292 1647 348 1679 ego
374 1639 526 1678 quamdiu
553 1639 632 1679 dego

225 1687 319 1719 Vitae
344 1686 402 1718 sub
428 1687 489 1719 hac
513 1686 660 1726 formula,

180 1734 341 1775 Quidquid
367 1743 453 1776 rego,
480 1735 539 1767 tibi
564 1736 645 1776 lego,

226 1782 376 1824 Corrigas
402 1784 577 1817 anormala.

117 1862 150 1894 8.
176 1857 258 1900 Ave,
284 1861 380 1903 mitis,
408 1869 428 1892 a
452 1869 511 1893 vae
535 1862 601 1893 litis

222 1906 346 1940 Inferni
370 1917 422 1940 me
445 1908 557 1953 libera,

176 1955 223 1989 Ut
247 1964 318 1988 cum
340 1956 427 1989 tritis
454 1957 540 1989 caelo
565 1957 636 1989 sitis

224 2004 301 2037 Vita
325 2003 416 2037 fruar
439 2004 552 2038 libera.

113 2084 145 2116 9.
171 2078 288 2116 Plebis
313 2090 441 2123 numen,
470 2082 556 2115 vitae
580 2080 707 2124 flumen,

222 2130 349 2163 Cellula
373 2133 534 2173 nectarea,

175 2178 300 2211 Praebe
323 2179 441 2219 lumen,
469 2177 519 2211 fer
544 2187 686 2220 acumen,

218 2226 305 2260 Caeli
333 2228 396 2260 duc
419 2227 452 2259 in
479 2237 563 2261 area.

100 2305 154 2340 10.
169 2300 248 2339 Nati
273 2308 361 2347 nata,
388 2314 470 2346 quae
493 2306 591 2339 beata

215 2353 325 2386 Mater
354 2363 386 2387 es
413 2357 445 2386 et
468 2353 544 2399 filia,

168 2401 237 2434 Nos
262 2405 337 2442 post
361 2400 429 2434 fata
455 2403 516 2435 duc
540 2404 583 2437 ad
608 2406 701 2444 grata

215 2450 365 2484 Paradisi
389 2451 518 2492 gaudia.

151 2510 276 2539 Dreves,
294 2511 337 2534 Pia
351 2511 496 2534 Dic-humina.
525 2512 554 2535 V.

814 321 866 354 11.
897 319 998 355 Dolor
1022 324 1115 361 urget
1139 331 1199 364 me,
1227 331 1299 355 nam
1319 325 1424 364 turget

940 369 1032 401 Mens
1059 372 1090 400 et
1115 369 1154 401 ab
1180 370 1318 402 amentia

896 416 967 448 Non
993 419 1146 457 resurget,
1174 418 1234 449 nisi
1260 421 1376 458 purget

942 464 1035 496 Hanc
1059 467 1114 496 tua
1139 465 1317 497 clementia.

814 542 868 574 12.
894 538 981 575 Mira
1005 549 1130 584 parens,
1156 541 1229 573 labe
1250 549 1373 576 carens,

943 588 1000 621 Cui
1024 589 1112 620 nulla
1136 588 1276 628 praevia,

897 636 972 675 Fac,
991 645 1031 669 ne
1047 645 1163 676 parens
1177 637 1220 669 sit
1230 645 1319 669 mens
1332 645 1424 668 arens

945 686 998 717 Ad
1023 693 1165 725 quaeque
1192 684 1366 717 daemonia.

816 761 868 793 13.
897 758 1065 802 Nusquam
1076 764 1176 793 tutum
1192 765 1240 793 est
1251 761 1312 793 hoc
1324 761 1424 792 lutum

945 809 1055 841 Carnis
1078 808 1165 841 infra
1190 809 1309 850 limina,

896 856 938 888 Ni
963 866 1021 897 per
1046 859 1168 888 scutum
1193 861 1227 889 tu
1253 857 1406 889 virtutum

944 904 1052 945 Longe
1077 905 1178 944 pellas
1205 904 1346 937 crimina.

812 981 866 1015 14.
894 978 944 1015 Te
969 980 1135 1014 nutricem.
1161 983 1192 1013 te
1218 980 1380 1013 victricem

941 1028 1070 1061 Summa
1094 1037 1191 1068 super
1215 1028 1354 1066 aethera,

893 1077 988 1109 quta
1013 1076 1112 1109 vicem
1139 1079 1205 1108 tam
1230 1075 1356 1108 felicem

940 1124 1051 1157 Laudo
1076 1132 1174 1164 super
1198 1127 1314 1157 cetera.

810 1201 865 1234 15.
893 1198 977 1235 Cum
1001 1209 1060 1243 pro
1086 1209 1162 1232 vero
1187 1208 1288 1239 manc,
1316 1208 1386 1232 sero

938 1249 1004 1281 Sim
1031 1251 1180 1288 expertus
1204 1247 1292 1287 talia,

891 1296 1003 1337 Neque
1019 1304 1123 1335 spero,
1143 1297 1199 1328 sed
1217 1304 1276 1328 nec
1293 1304 1420 1336 quaero,

939 1345 1029 1383 Quod
1054 1344 1096 1375 sit
1121 1344 1195 1376 talis
1220 1343 1293 1376 alia.

809 1422 862 1454 16.
889 1418 1107 1462 Benignarum
1134 1419 1323 1452 feminarum

935 1469 1031 1509 Rosa,
1064 1477 1195 1500 vernans
1221 1468 1369 1509 primula,

889 1517 1075 1548 Animarum
1099 1525 1173 1555 spes
1198 1516 1370 1557 lapsarum,

934 1564 1073 1597 Deitatis
1098 1564 1222 1597 rimula.

805 1642 861 1675 17.
888 1638 1013 1676 chum
1039 1641 1153 1673 mentis
1173 1643 1205 1673 te
1231 1641 1364 1673 colentis

933 1690 1023 1730 Dele,
1051 1688 1100 1721 fer
1124 1690 1262 1729 piacula,

887 1738 1025 1776 Taetrae
1047 1738 1150 1778 gentis
1177 1740 1207 1769 et
1232 1736 1368 1770 furentis

933 1786 984 1818 Ne
1008 1785 1125 1819 adurat
1148 1784 1264 1819 facula.

803 1863 857 1897 18.
885 1861 984 1898 Dictu
1011 1863 1093 1896 miro
1118 1863 1207 1902 paris
1232 1862 1301 1896 viro

933 1911 1018 1952 Sine,
1043 1911 1241 1952 muliercula,

884 1960 991 2000 Angui
1018 1959 1087 1992 diro
1111 1959 1222 1991 mundi
1247 1968 1324 2000 gyro

931 2008 1026 2041 Pulso
1051 2016 1111 2047 per
1136 2007 1215 2039 haee
1239 2005 1372 2040 fercula.

802 2085 856 2119 19.
885 2083 969 2119 Tam
994 2086 1119 2117 sincere
1143 2087 1175 2116 te
1201 2085 1314 2117 decere

930 2133 1025 2166 Fidei
1054 2133 1190 2165 conubia

884 2181 1006 2214 Scimus
1034 2189 1117 2221 vere,
1144 2190 1204 2213 nec
1228 2182 1330 2214 latere

931 2231 1007 2270 Quit
1030 2238 1082 2261 res
1107 2229 1188 2261 nulli
1214 2228 1320 2262 dubia.

799 2309 855 2341 20.
883 2305 975 2342 Tuus
1001 2306 1124 2340 fructus
1151 2307 1252 2338 nostri
1277 2306 1381 2339 luctus

928 2355 1115 2388 Exsiccavit
1139 2355 1270 2393 semina,

882 2404 998 2436 Mundi
1022 2401 1146 2443 fluctus,
1174 2402 1278 2435 carnis
1306 2406 1413 2436 ructus

930 2452 1024 2497 seda,
1052 2450 1130 2483 felix
1156 2448 1285 2483 femina.
