1651 2700
715 178 756 183 ——
805 156 875 192 120
924 177 969 181 —

631 250 678 282 83.
707 250 751 281 De
769 248 865 279 beata
882 247 983 279 Maria
1002 248 1038 279 V.

192 326 221 358 1.
247 323 358 356 Laude
383 322 512 355 humani
532 321 656 362 generis
870 319 901 351 5.
926 316 1020 348 Fecit
1043 315 1130 348 Deus
1154 315 1344 356 mirabilem,

249 372 323 403 Plus
350 371 446 411 digna
470 369 557 409 virgo
584 367 706 405 ceteris,
926 364 1081 404 Respexit
1104 372 1229 395 servam
1254 363 1414 404 humilem,

249 419 390 459 Sponsas
412 422 516 449 castas
540 414 773 454 transgrederis
926 411 1083 450 Sponsam
1107 419 1261 451 quaerens
1286 410 1466 451 amabilem,

251 467 326 498 Alte
351 466 464 498 sedens
488 463 521 495 in
548 462 682 502 superis.
926 459 1001 490 Tibi
1025 468 1089 491 non
1114 457 1192 490 fecit
1215 459 1361 490 similem.

191 535 221 567 2.
249 532 330 564 Vitis
360 531 524 563 abundans
549 527 681 568 gratiae,
867 527 899 559 6.
925 525 1027 557 Deum
1055 533 1125 556 cum
1152 524 1248 564 digna
1272 532 1389 565 parere

246 579 354 611 Mater
378 578 447 617 spei
472 579 505 608 et
528 576 648 613 veniae,
928 573 989 613 Sis,
1016 572 1157 614 gaudens
1184 572 1250 603 eius
1275 580 1416 610 munere,

248 626 369 666 Gaude,
393 623 632 656 misericordiae
925 619 1027 652 Nemo
1052 623 1160 659 potest
1185 620 1353 659 concipere

245 673 362 714 Mater,
387 671 449 703 Dei
475 672 506 702 et
530 670 659 710 gloriae.
925 667 1029 708 Digne
1053 676 1112 698 nec
1137 666 1216 699 satis
1242 674 1400 706 promere,

189 742 219 773 3.
247 738 363 770 Sancta
384 739 565 768 sanctarum
590 734 738 775 omnium,
869 736 900 766 7.
926 733 973 765 Te
998 733 1182 766 collaudare
1208 733 1339 772 cupiunt

245 786 350 817 Maria
375 786 471 823 caput
494 783 661 824 virginum,
927 780 1051 821 Cuncti,
1078 782 1137 813 sed
1161 789 1225 813 non
1250 778 1428 819 sufficiunt,

247 832 365 864 Christi
388 839 513 863 sacrum
537 829 703 870 palatium,
924 828 1007 860 Nam
1031 828 1144 861 laudes
1168 830 1219 859 tot
1244 828 1444 866 conveniunt,

245 879 412 911 Trinitatis
440 878 621 911 triclinium.
926 876 1110 909 Laudantes
1137 876 1221 917 quod
1248 873 1411 908 deficiunt.

188 949 220 979 4.
247 945 372 978 Creavit
396 948 429 976 te
446 945 617 985 ingenitus,
868 944 899 975 8.
925 943 1024 983 Virgo
1051 943 1153 974 dulcis
1179 945 1212 973 et
1235 942 1375 983 sapiens,

247 993 456 1025 obumbravit
479 996 512 1023 te
536 992 660 1032 genitus
926 990 1007 1022 Boni
1033 988 1104 1022 fons
1130 989 1329 1030 indeficiens,

246 1040 287 1072 Et
311 1039 496 1072 fecundavit
519 1039 662 1079 spirituS,
924 1037 1088 1077 Nobisque
1112 1038 1155 1069 sis
1179 1037 1384 1077 compatiens,

242 1087 288 1119 Es
311 1086 398 1119 faeta
420 1090 490 1118 tota
515 1086 630 1119 deitus.
925 1084 1010 1123 Quos
1033 1083 1111 1116 ferit
1134 1085 1238 1117 hostis
1262 1085 1420 1118 saeviens

249 1161 328 1189 Orat.
349 1170 402 1189 ms.
420 1162 532 1189 Domus
553 1161 656 1188 Novae
668 1161 758 1188 Lucis
779 1160 849 1186 anm·
872 1157 953 1187 1477.
975 1159 1045 1187 Cod.
1063 1157 1248 1187 Ultraiectin.
1264 1159 1384 1194 Scriptt.
1398 1157 1480 1186 Eoel.

172 1198 294 1273 3—'75.8'-—3
316 1198 357 1265 {is
364 1197 501 1264 lfgssude
520 1198 649 1226 humani.
669 1214 707 1218 —
726 1197 753 1233 4,
774 1195 793 1224 2
808 1197 1003 1225 obumbravit
1017 1198 1195 1233 unigenitus.
1215 1212 1255 1216 —
1274 1195 1301 1231 5,
1318 1194 1332 1223 1
1347 1197 1390 1224 Te
1401 1197 1479 1224 fecit.

610 1366 658 1397 84.
689 1364 917 1396 commendatio
939 1365 1028 1396 BMV.

188 1457 217 1490 1.
245 1455 371 1488 Laudes
395 1455 509 1488 beatae
532 1455 666 1495 virginis
868 1457 898 1487 6.
925 1454 979 1487 Sic
1002 1455 1101 1487 rubus
1126 1455 1243 1487 ardens
1270 1455 1412 1487 cernitur

242 1504 375 1535 Promat
400 1502 534 1535 dulcedo
561 1502 721 1542 carminis,
924 1502 969 1534 Et
993 1504 1066 1543 igne
1090 1512 1153 1535 non
1179 1503 1377 1535 comburitur

244 1550 314 1582 Vox
339 1551 423 1582 laeta
447 1550 558 1582 laudes
579 1550 712 1589 intonet,
922 1550 958 1581 In
985 1551 1109 1590 signum
1134 1559 1245 1583 sacrae
1270 1550 1412 1594 virginis,

238 1597 282 1628 Et
306 1606 394 1629 mens
419 1597 543 1629 sincera
568 1600 703 1629 resonet.
922 1598 1039 1630 Matris
1064 1597 1126 1629 Dei
1151 1600 1182 1630 et
1207 1598 1354 1631 hominis.

184 1666 215 1697 2.
243 1663 324 1702 Quid
351 1663 416 1695 eius
440 1663 536 1696 laude
562 1663 693 1706 dulcius,
867 1664 898 1695 7.
927 1663 1023 1704 Virga
1045 1661 1186 1696 florescit
1212 1665 1314 1701 arida,

243 1711 326 1749 Quid
351 1710 458 1742 Maria
482 1710 656 1750 pulchrius,
923 1711 1019 1751 Virgo
1044 1711 1197 1745 tumescit
1221 1712 1365 1754 gravida,

241 1757 328 1796 Quae
352 1757 461 1789 clausa
485 1760 611 1798 gestans
633 1757 757 1789 viscera
921 1758 998 1790 Flos
1023 1759 1141 1791 candet
1164 1760 1246 1791 lucis
1271 1760 1414 1800 germine

241 1804 366 1836 Effecta
391 1807 438 1836 est
459 1804 643 1844 puerpera?
921 1804 1057 1846 Signans
1082 1810 1212 1846 partum
1239 1816 1277 1839 ex
1298 1807 1433 1848 virgine.

183 1873 212 1904 3.
237 1871 317 1904 Eius
343 1871 501 1903 excellens
524 1871 626 1911 gloria
864 1873 895 1905 8.
923 1872 1009 1904 Rore
1034 1873 1135 1906 vellus
1159 1872 1342 1906 infunditur

239 1918 326 1950 Mira
349 1916 472 1960 perfert
496 1919 633 1958 insignia
921 1920 991 1952 Nec
1016 1923 1105 1953 tactu
1129 1921 1212 1954 roris
1235 1922 1388 1961 laeditur,

241 1965 285 1997 Et
309 1964 490 2006 praefulget
513 1966 656 1998 omnibus
921 1967 975 1999 Sic
1000 1969 1088 2008 virgo
1111 1970 1182 2001 sine
1206 1979 1303 2002 onere

240 2012 406 2045 Humanae
428 2014 514 2045 vocis
539 2014 697 2046 laudibus.
918 2014 1073 2048 Laetatur
1097 2017 1198 2056 prolis
1224 2026 1365 2050 munere.

182 2082 213 2114 4.
240 2079 315 2112 Sola
339 2079 400 2111 Dei
424 2080 566 2118 potentia
864 2083 895 2114 9.
923 2081 1020 2123 Virgo
1042 2084 1186 2124 prudens
1213 2085 1353 2125 eligitur,

238 2126 283 2159 Et
306 2135 368 2158 non
393 2130 526 2158 naturae
550 2127 660 2167 gloria,
919 2128 1027 2162 David
1050 2131 1084 2162 in
1109 2131 1202 2163 thoro
1226 2133 1378 2177 iungitur,

240 2173 316 2206 Sola
340 2172 413 2216 fide,
441 2182 522 2213 quae
547 2174 693 2214 credidit,
921 2176 985 2209 Sed
1009 2186 1069 2219 pro
1089 2178 1216 2210 Mariae
1239 2180 1391 2213 laudibus

242 2220 337 2261 Virgo
364 2224 547 2260 conceptum
573 2222 684 2254 edidit.
920 2224 1038 2257 Foedis
1062 2228 1150 2257 caret
1174 2227 1385 2267 amplexibus,

181 2290 214 2323 5.
239 2287 324 2321 Nam
347 2287 479 2327 virginis
504 2285 683 2320 fecunditas
849 2290 905 2323 10.
920 2290 1032 2323 Virum
1057 2291 1236 2324 circumdat
1258 2293 1388 2336 femina,

237 2335 299 2368 Est
321 2334 466 2367 inaudita
489 2335 624 2376 novitas,
919 2337 1003 2370 Dum
1027 2339 1128 2380 virgo,
1154 2342 1267 2374 muudi
1292 2344 1430 2387 domina,

239 2383 324 2416 Dum
347 2383 434 2422 virgo
459 2382 583 2422 prolem
607 2386 746 2428 generat,
917 2385 1037 2426 Regem
1061 2387 1141 2418 caeli
1166 2390 1370 2429 amplectitur

238 2430 381 2463 Naturae
403 2430 475 2462 iura
498 2434 640 2470 superat.
917 2432 963 2464 Et
985 2434 1119 2474 gravida
1146 2434 1295 2473 efficitur.
