1651 2700
741 201 785 206 ,-
834 180 881 216 54
928 199 973 205 .-

653 274 700 305 33.
730 274 773 305 De
793 274 887 304 beata
906 273 1005 305 Maria
1026 274 1060 305 V.

555 354 585 387 1.
611 355 691 394 Ave,
718 353 830 384 summi
855 352 938 393 regis
963 356 1073 397 nupta,

615 402 695 441 Ave,
720 409 835 440 parens
859 401 1055 443 incorrupta,

660 449 740 489 Ave,
765 448 862 488 plena
886 448 998 488 gratia.

217 509 247 540 2.
275 505 377 546 Super
401 514 507 538 omnes
533 515 551 537 o
578 506 701 545 deeora,

273 554 358 587 Reus
384 562 439 594 ego
464 554 533 584 sine
556 562 645 584 mora

321 601 374 633 Ad
399 603 431 631 te
455 603 592 631 tremens
619 608 767 639 proper0‚

273 648 356 681 Dum
381 650 520 688 peccata,
547 656 628 689 quae
654 647 803 688 commisi,

274 695 343 728 Nec
365 704 427 726 non
452 695 544 734 bona,
571 703 651 734 quae
675 694 775 735 omisi,

320 742 417 774 Flens
443 750 498 782 ego
524 742 701 774 considero.

217 802 246 833 3.
276 799 327 832 Ad
352 801 385 830 te
410 807 512 838 curro,
535 807 627 838 quam
653 799 789 840 turbavi,

275 846 373 885 Quam
398 846 514 877 iniuste
538 846 677 879 laceravi

319 893 497 925 Horrendis
523 894 682 935 periuriis,

274 944 371 979 Quam
401 949 439 972 ex
465 941 561 972 corde
585 950 647 973 non
673 942 776 974 amavi

271 988 315 1021 Et
339 997 430 1027 quam
456 997 566 1027 parum
593 989 746 1021 honoravi

320 1035 446 1068 Debitis
472 1035 639 1075 obsequiis.

215 1098 246 1127 4.
274 1092 327 1126 Ad
351 1094 383 1123 te
409 1100 511 1132 curro,
537 1101 588 1123 me
611 1102 761 1134 peccasse

274 1139 513 1179 Recognoscens
539 1143 568 1171 et
593 1149 726 1181 errasse,

319 1187 365 1220 Ut
389 1186 433 1218 sis
458 1187 546 1218 locus
572 1188 692 1228 veniae,

273 1233 328 1267 Me
353 1243 445 1273 quam
471 1235 550 1266 dure
574 1236 776 1267 remordente

272 1281 317 1314 Et
340 1281 382 1313 ad
406 1281 493 1313 istud
517 1282 703 1321 impellente

321 1329 436 1361 Verme
462 1330 681 1364 conscientiae.

215 1389 247 1420 5.
273 1385 371 1418 Curro
398 1384 499 1417 factus
524 1395 585 1418 non
606 1387 668 1418 iam
697 1388 803 1425 durus,

275 1434 374 1466 Curro
401 1434 514 1465 vulnus
539 1437 732 1476 ostensurus,

319 1480 511 1512 Medicantis
537 1490 635 1520 opera

273 1529 302 1561 A
328 1531 360 1558 te
384 1537 516 1567 sperans
542 1532 716 1568 reportare,

274 1576 342 1609 Ista
369 1584 459 1606 cures
485 1584 558 1616 ergo
586 1576 672 1616 dare,

319 1622 402 1654 Dum
428 1626 593 1663 requirunt
616 1628 768 1663 tempora.

217 1682 246 1713 6.
275 1679 356 1712 Dum
384 1683 430 1710 est
456 1688 575 1721 recens,
600 1681 713 1712 vulnus
739 1690 824 1721 cura,

276 1726 326 1759 Ne
350 1730 512 1766 putrescat
539 1730 571 1758 et
594 1728 717 1759 iactura

324 1774 478 1806 (leuse-tur
505 1775 643 1815 desidia3

277 1821 397 1853 Vulnus
421 1831 524 1853 meum
551 1825 599 1854 est
622 1826 797 1862 peccatum,

281 1870 325 1902 l'u
352 1869 482 1909 dignare
506 1873 725 1910 perpetratum

323 1916 390 1948 Tua
420 1917 524 1949 delere
551 1918 664 1958 gratia.

277 1991 356 2019 Orat.
393 2000 445 2019 ms.
477 1992 610 2020 carthus.
641 1994 871 2023 Hildesheinien.
903 2005 977 2024 saec.
1010 1995 1053 2024 15.

199 2031 323 2058 heimen.
346 2028 363 2057 3
382 2028 427 2063 (6).
446 2045 485 2049 —-

920 506 950 538 7.
978 504 1013 537 Si
1037 506 1177 546 peceavi,
1203 515 1266 538 non
1292 515 1420 549 excuso,

976 552 1072 585 Unde
1096 561 1183 584 reum
1208 562 1259 585 me
1283 562 1407 594 accuso,

1025 600 1135 632 Prosit
1158 601 1238 632 haec
1264 600 1431 633 confessio.

979 675 1399 684 ........

1042 768 1282 777 .....

917 801 948 833 8.
974 800 1064 832 Haec
1090 800 1248 833 instanter
1272 810 1291 832 a
1315 803 1348 832 te
1373 803 1458 841 peto,

977 847 1028 879 Ne
1051 851 1241 887 praeventus
1267 847 1352 880 forte
1376 848 1452 892 leto,

1024 895 1114 934 Quod
1140 895 1233 935 absit,
1260 896 1301 928 ad
1326 895 1423 927 inferi

975 942 1111 974 Domum
1135 943 1254 983 mittar,
1282 943 1336 974 ubi
1357 946 1471 984 metus,

975 989 1039 1022 Ubi
1068 990 1159 1022 dolor
1184 994 1233 1022 est
1258 993 1290 1022 et
1312 989 1415 1031 fietus,

1022 1036 1087 1069 Ubi
1113 1038 1232 1078 degunt
1251 1039 1371 1072 miseri.

918 1095 949 1127 9.
975 1095 1043 1126 lam
1067 1094 1140 1134 plus
1165 1095 1253 1126 locus
1279 1104 1320 1126 ne
1344 1096 1495 1127 molestus

974 1141 1048 1173 Dici
1072 1142 1173 1181 possit
1198 1142 1250 1174 vel
1274 1141 1420 1183 infestus,

1023 1188 1096 1220 Non
1120 1189 1279 1229 permittit
1302 1190 1403 1230 rati03

974 1235 1124 1268 Misereri
1148 1240 1240 1277 potes
1265 1238 1338 1277 mei,

975 1284 1014 1316 In
1040 1283 1101 1315 hoc
1125 1293 1210 1325 ergo,
1237 1288 1339 1317 mater
1363 1285 1436 1325 Dei,

1023 1330 1123 1363 Nulla.
1146 1332 1188 1363 sit
1212 1332 1335 1366 dilatio.

898 1388 955 1421 10.
980 1388 1040 1428 Tu,
1068 1388 1118 1420 cui
1142 1397 1192 1420 me
1216 1399 1281 1422 non
1305 1390 1473 1431 occultavi,

980 1434 1038 1467 Gui
1063 1444 1188 1468 causam
1216 1438 1355 1469 revelavi

1024 1483 1142 1525 Meam,
1167 1485 1246 1516 mihi
1271 1484 1371 1517 filium

977 1531 1076 1563 Placa
1101 1535 1187 1563 tuum
1213 1532 1293 1564 hora
1316 1534 1439 1576 mortis,

977 1578 1023 1610 Ut
1045 1578 1197 1611 iustorum
1225 1589 1354 1613 consors
1380 1581 1476 1614 sortis

1026 1625 1090 1657 Sim
1116 1630 1189 1666 post
1214 1628 1276 1660 hoc
1301 1629 1457 1662 exsilium.

896 1684 951 1716 11.
977 1683 1090 1715 Dicam
1115 1684 1243 1716 tandem
1269 1686 1403 1726 issative,

978 1730 1035 1762 Nil
1060 1732 1224 1771 adponens
1250 1734 1412 1767 exclusive

1026 1778 1088 1811 Sed
1114 1779 1281 1812 includens
1308 1782 1430 1815 omnia:

980 1826 1060 1865 Quia
1084 1827 1171 1859 salus
1198 1837 1231 1860 es
1258 1833 1451 1869 cunctorum,

980 1873 1029 1906 Sit
1053 1883 1111 1914 per
1136 1879 1262 1916 tempus
1288 1878 1485 1910 saeculorum

1028 1922 1102 1954 Tibi
1126 1923 1195 1955 laus
1221 1927 1253 1955 et
1277 1925 1388 1965 gloria.

1106 1998 1176 2026 Cod.
1207 1999 1358 2036 Iosephini
1391 2001 1512 2030 Hildes-

652 2141 700 2173 34.
733 2143 774 2175 De
793 2144 890 2176 beata
911 2145 1012 2177 Maria
1029 2147 1065 2179 V.

214 2223 244 2256 1.
271 2222 351 2260 Ave,
383 2220 471 2260 virga
496 2220 602 2252 ferens
628 2220 774 2266 fructum,

273 2268 400 2302 Primae
424 2268 535 2300 matris
561 2269 676 2301 tollens
693 2271 822 2312 luctum,

320 2315 419 2348 Nobis
446 2314 555 2347 confer
579 2317 713 2358 gaudia3

272 2364 362 2398 Haec
387 2366 435 2395 est
459 2364 571 2395 summi
596 2367 697 2397 mater
721 2365 792 2410 Dei,

273 2411 359 2451 Quae
383 2411 514 2452 pudoris
540 2411 671 2452 virginei

321 2460 432 2492 Servat
458 2459 634 2500 privilegia.

896 2228 927 2258 2.
954 2228 1001 2260 Ut
1025 2228 1141 2260 vitrum
1167 2230 1243 2262 solis
1268 2232 1359 2266 radio

954 2274 1026 2307 Non
1050 2275 1190 2309 laeditur
1214 2287 1274 2311 nee
1298 2279 1365 2313 filio

1001 2322 1117 2355 Matris
1143 2325 1347 2368 castimonia;

952 2369 1167 2405 Decantemus
1192 2382 1301 2407 omnes
1326 2378 1365 2418 ei,

954 2417 1070 2459 Corde,
1097 2428 1185 2461 voce,
1212 2425 1355 2462 quamvis
1379 2427 1436 2467 rei,

997 2465 1125 2499 Laudes
1152 2471 1182 2500 et
1207 2473 1390 2510 praeconia.
