1651 2700
264 470 318 503 15.

258 753 312 785 20.

257 1034 313 1067 25.

773 184 1029 219 -196—

344 281 407 315 Suo
432 283 572 322 pretioso
598 290 719 324 cruore,

342 328 390 361 Te
413 331 584 362 attestante
608 338 678 361 cum
704 329 823 371 dolore,

344 376 422 409 Cum
450 377 608 417 aspiceres
631 384 767 415 poenam
792 374 871 417 nati,

346 423 463 465 Clavis,
489 424 600 456 lancea
623 420 789 463 perforati,

344 470 389 502 Et
412 470 498 502 illius
522 470 704 510 sanguinem
729 468 831 512 fundi,

345 517 444 556 Quem
480 516 615 557 genuisti
651 516 822 548 Dominum

641 564 760 595 mundi.

342 610 504 643 Memento
531 619 615 650 ergo,
641 610 731 650 virgo
755 610 852 654 mitis,

344 658 407 690 Cur
430 658 491 690 hoc
512 657 604 690 ambo
629 658 717 697 passi
741 658 822 699 sitis,

341 705 405 737 Hic
428 705 461 736 in
487 713 592 744 carne,
616 707 650 736 tu
675 704 708 737 in
731 708 848 747 mente,

341 751 417 783 Cum
441 754 606 793 pateretur
630 754 663 783 te
687 755 866 792 praesente.

340 798 442 831 Causa
474 800 536 831 mei
562 807 686 831 crucem
711 800 864 841 ascendit,

339 845 384 878 Ut
396 846 536 879 salvator
549 846 583 877 in
598 855 691 878 cruce
698 848 865 889 pependit,

342 893 446 926 Causa
468 894 529 926 mei
556 896 591 925 tu
617 894 757 936 doluisti,

340 939 417 972 Gum
461 942 621 982 aspiceres
662 946 795 974 mortem

642 989 770 1023 Christi.

339 1034 420 1072 Quia
444 1035 543 1067 subiit
567 1044 663 1068 causa
685 1038 748 1068 mei

336 1082 475 1114 Poenam
501 1083 603 1115 crucis
627 1082 712 1115 filius
738 1084 808 1126 Dei,

337 1128 391 1160 Sic
414 1132 444 1161 et
471 1139 527 1170 ego
554 1139 651 1162 causa
673 1130 718 1163 fui

943 376 999 409 30.

940 612 996 645 35.

942 897 998 930 40.

1026 280 1109 312 Suae
1133 278 1246 311 mortis
1272 282 1305 311 et
1332 278 1454 311 doloris
1480 279 1536 315 tui.

1024 326 1101 359 Noli
1125 335 1212 370 ergo,
1238 329 1342 359 mater
1367 327 1448 370 spei,

1024 375 1114 407 Haec
1138 374 1286 406 oblivisci
1312 373 1386 407 odio
1411 374 1484 416 mei,

1025 422 1088 454 Sed
1113 430 1174 461 pro
1199 430 1265 464 reo,
1293 421 1432 464 domina,
1460 432 1527 464 ora,

1023 469 1127 502 Filius
1151 469 1263 501 audiet
1284 472 1317 502 te
1342 469 1411 502 sine
1435 479 1534 513 mora,

1022 516 1184 557 Quidquid
1206 517 1348 562 petieris,
1377 517 1468 550 dabit
1484 518 1555 559 tibi,

1021 565 1121 605 Quam
1147 564 1244 604 elegit
1267 568 1403 597 matrem
1427 565 1500 608 sibi,

1024 611 1120 644 Cuius
1147 611 1187 643 de
1211 614 1302 644 utero
1328 612 1430 645 voluit
1454 614 1555 656 nasci,

1024 658 1119 691 Cuius
1133 658 1172 690 ab
1183 659 1335 692 uberibus
1344 660 1447 692 voluit
1454 662 1554 701 pasci.

1024 707 1049 740 Ο
1075 706 1186 746 regina
1211 708 1408 748 angelorum,

1020 754 1105 786 Laus
1130 754 1295 798 iustorum,

1068 810 1141 842 spes
1166 802 1366 845 miserorum,

1020 850 1082 882 Per
1099 858 1192 889 quam
1210 850 1274 882 reis
1293 851 1431 883 donatur
1449 852 1552 894 venia,

1025 898 1088 930 Per
1113 905 1205 936 quam
1230 898 1323 930 iustis

1068 943 1248 977 redduntur
1271 946 1425 988 praemia,

1020 992 1065 1024 Et
1083 993 1267 1025 commendo
1285 994 1422 1026 animam
1439 1004 1553 1038 meam,

1020 1039 1067 1072 Ut
1091 1040 1277 1072 reconcilies
1301 1040 1369 1074 filio
1394 1044 1449 1074 tuo
1471 1051 1551 1083 eam,

1020 1087 1065 1119 Ut
1073 1087 1107 1118 in
1115 1086 1214 1118 vitam
1225 1092 1390 1121 aeternam
1395 1090 1554 1129 perducat

1323 1136 1424 1169 illam.

319 1201 399 1229 Orat.
420 1212 474 1231 ms.
488 1205 600 1232 Domus
613 1204 716 1233 Novae
729 1206 819 1234 Lucis
834 1207 912 1234 anm'.
930 1205 1011 1234 1477.
1048 1207 1118 1236 Cod.
1134 1208 1320 1238 Ultraiectin.
1338 1211 1457 1246 Scriptt.
1471 1213 1552 1242 Eccl.

243 1238 308 1268 375.
388 1239 413 1268 6.
433 1242 528 1269 Tuum
542 1242 678 1269 dilectum
692 1244 845 1279 placando.
866 1261 899 1265 —
924 1244 949 1271 7.
963 1245 1034 1273 iube
1047 1246 1154 1274 dilecto
1168 1251 1247 1275 nato.
1263 1263 1300 1267 —
1313 1249 1397 1278 Nach
1412 1251 1486 1279 Vers
1504 1249 1551 1287 43,

243 1278 297 1305 mit
316 1277 381 1305 dem
402 1279 454 1307 das
474 1279 598 1308 Gedicht
616 1289 653 1307 zu
674 1281 831 1311 schliossen
850 1282 972 1317 scheint,
992 1284 1068 1320 folgt
1085 1285 1176 1312 noch:

659 1329 684 1357 O
703 1329 808 1365 Maria,
828 1330 944 1366 plasma
962 1333 1035 1366 nati,

662 1367 745 1400 Quae
763 1369 866 1396 vidisti
884 1371 986 1396 nat-um
1004 1371 1077 1405 pati,

696 1406 768 1439 Quis
788 1409 818 1434 te
837 1405 921 1434 dolor
939 1409 1042 1442 tenuit,

657 1444 724 1471 Non
745 1446 790 1472 est
808 1444 986 1472 humanitati

657 1480 739 1509 Scire
759 1482 867 1515 datum,
887 1482 944 1509 ulli
963 1485 1034 1518 vati,

697 1520 805 1547 Nullus
825 1519 912 1547 homo
932 1523 1037 1556 potuit.

657 1557 733 1584 Prae
752 1557 853 1585 dolore
872 1558 1035 1593 perforetur

657 1595 741 1622 Mens
758 1604 825 1623 mea
845 1597 874 1622 et
893 1597 1047 1631 crucietur,

696 1633 778 1666 Quae
797 1633 927 1660 dolorem
945 1637 1061 1671 meruit,

655 1670 701 1698 Ne
719 1672 751 1698 in
769 1670 828 1699 fine
847 1671 1063 1707 condemnetur,

656 1705 713 1735 Sed
732 1717 785 1744 per
803 1717 914 1745 poenas
935 1711 1110 1746 emendetur,

695 1746 774 1779 Quia
794 1747 876 1774 carni
896 1749 1004 1782 paruit.

656 1799 680 1829 O
701 1802 794 1830 dulcis
807 1803 892 1837 jesu,
914 1812 963 1831 reo

655 1840 734 1867 Infer
753 1841 840 1869 iubar
860 1841 942 1869 cordi
957 1851 1031 1877 meo,

655 1878 713 1911 Qui
731 1887 835 1906 cruore
853 1888 898 1906 me
919 1889 1003 1908 roseo

654 1916 762 1944 Lotum
781 1916 931 1945 redemisti
951 1919 1024 1947 Deo.

653 1973 756 2002 Virtus
775 1975 863 2011 patri,
883 1975 949 2003 laus
969 1979 1079 2012 genito,

655 2011 762 2040 Sancto
784 2013 871 2041 decus
891 2015 1044 2052 paraclito,

654 2049 701 2077 Sit
720 2059 780 2078 una
800 2051 895 2079 tribus
915 2052 1011 2089 gloria

653 2087 710 2115 Per
730 2088 915 2117 saeculorum
934 2093 1061 2121 saecula.

670 2198 731 2229 147.
764 2200 808 2231 De
827 2199 925 2231 beata
943 2201 1045 2234 Maria
1065 2205 1102 2236 V.

407 2265 510 2306 Salve,
536 2269 647 2299 sancta
670 2277 797 2311 parens,
829 2295 1255 2310 ........

406 2313 511 2353 Kyria
534 2313 607 2345 labe
632 2323 754 2356 carens,
781 2316 895 2358 cepisti
918 2323 1025 2352 mente
1048 2320 1135 2354 fideli

405 2360 561 2401 Angelica
583 2361 679 2394 laude
703 2363 792 2396 theos
818 2365 993 2407 anthropos
1020 2369 1054 2400 in
1078 2372 1238 2411 penetrali

406 2409 534 2441 Ventris
557 2410 686 2441 mortali
710 2411 870 2444 redimens
894 2413 1052 2448 hominem
1078 2426 1171 2449 cruce
1196 2418 1322 2458 fraude,

347 2457 378 2491 5.
405 2456 430 2489 Ο
455 2455 625 2489 laudabilis
650 2466 689 2489 ac
714 2459 905 2492 venerabilis
930 2471 1007 2495 arca
1031 2463 1174 2507 sophiae,
