1651 2700
209 497 264 530 37.

206 880 260 914 38.

210 1268 264 1299 39.

209 1653 265 1686 40.

210 2084 266 2119 41.

714 150 970 186 -—130-—

288 251 365 283 Tuis
389 252 570 291 praestetur
593 248 751 289 precibus,

335 298 383 331 Ut
411 299 444 330 in
471 297 523 329 die
545 296 655 329 iudicii

290 346 357 377 Nos
381 345 536 384 praemiet
561 342 748 375 caelestibus

337 391 477 424 Summi
499 390 664 429 largitor
688 396 814 428 prae-

589 445 669 468 11111.

289 495 405 538 Maria,
430 494 478 527 sic
501 493 656 532 disposuit

335 541 385 573 De
409 545 441 573 te
465 541 550 572 Deus
575 539 696 579 auxilii,

289 589 382 629 Quod
405 588 475 620 fieri
498 590 531 619 te
555 587 655 618 voluit

338 635 393 667 Sui
415 635 559 667 thronum
586 633 723 675 imperii,

288 684 318 715 A
343 683 451 721 quovis
476 681 528 712 hic
551 680 706 712 abstinuit

332 729 400 760 Esu
426 728 479 761 diu
505 727 617 759 cibarii

284 777 334 809 Ac
356 775 587 808 observandum
613 775 721 807 docuit

336 823 503 856 Clarum
530 822 645 855 decus
665 822 813 855 ieiunii.

286 879 402 920 Maria,
429 887 524 911 causa
543 880 654 911 veniae

335 928 382 960 Te
406 929 590 967 peccatores
615 926 744 967 adeunt,

285 975 351 1007 Per
374 983 468 1014 quam
493 974 603 1013 adepti
626 974 750 1015 gratiae

333 1022 452 1053 Munus
477 1021 621 1053 mundati
645 1022 790 1061 redeunt,

287 1069 347 1101 His
370 1070 480 1108 utique
504 1069 657 1100 materiae

336 1115 507 1148 Gaudendi
530 1124 593 1147 non
619 1116 803 1157 depereunt,

291 1162 409 1202 Quibus
435 1162 557 1202 signum
583 1163 736 1195 victoriae

337 1210 601 1249 vexillaregis
614 1211 816 1250 prodeunt.

291 1266 406 1306 Maria,
434 1266 473 1299 de
497 1269 530 1298 te
553 1267 696 1298 nascitur

336 1313 407 1345 Rex
424 1313 578 1356 Christus,
597 1314 684 1345 salus
693 1315 816 1357 populi,

290 1360 392 1401 Super
416 1361 526 1401 iustos,
551 1363 587 1391 ut
612 1361 734 1393 canitur

335 1407 373 1440 In
399 1408 531 1448 psalmo,
559 1408 646 1440 cuius
671 1409 764 1449 oculi,

289 1455 319 1487 A
343 1463 404 1494 quo
429 1455 495 1487 solo
522 1456 596 1487 dum
620 1456 759 1489 vincitur

336 1502 440 1535 Fraus
464 1502 593 1534 inimica
616 1503 732 1544 zabuli,

291 1548 356 1581 Soli
383 1549 423 1581 de
445 1549 515 1580 iure
541 1549 674 1583 dicitur:

337 1595 437 1637 Iesu,
465 1597 639 1629 salvator
659 1599 813 1632 saeculi.

290 1651 405 1692 Maria,
433 1651 637 1692 diligentibus

337 1699 424 1738 Ignis
449 1700 565 1731 amoris
590 1699 707 1733 fervidi

290 1746 471 1786 Amoreque
490 1747 712 1787 languentibus

337 1792 469 1825 Medela
493 1794 597 1826 cordis
622 1795 775 1837 languidi,

292 1840 439 1873 Concede
461 1841 667 1881 nuptialibus,

339 1887 384 1920 Ut
407 1891 598 1928 apparentes
624 1890 754 1924 candidi

289 1935 487 1967 Introeamus
515 1936 657 1969 vestibus

337 1982 398 2014 Ad
423 1991 562 2015 cenam
594 1986 690 2025 agni
718 1996 818 2027 pro-

591 2033 692 2067 vidi.

292 2085 407 2125 Maria,
433 2086 524 2126 pulsa
548 2089 696 2127 precibus

337 2133 441 2165 Aures
466 2134 550 2174 regis
575 2135 725 2180 iustitiae,

291 2179 337 2213 Ut
361 2180 480 2221 expiati
501 2181 647 2215 sordibus

337 2226 382 2259 Et
405 2226 527 2259 actibus
552 2230 712 2269 nequitiae

292 2274 385 2308 Puris
411 2275 568 2314 castisque
590 2278 747 2312 mentibus

336 2322 471 2355 Auctori
496 2323 701 2357 castimoniae

292 2370 370 2403 Cum
394 2369 509 2402 ceteris
533 2369 681 2403 fidelibus

337 2417 538 2459 Hymnum
564 2426 758 2452 canamus

592 2467 771 2507 gloriae.

885 247 943 279 42.

885 642 942 674 43.

885 1041 941 1073 44.

884 1487 939 1519 45.

886 1884 942 1917 46.

887 2329 943 2364 47.

968 243 1083 283 Maria,
1109 242 1214 283 prosit
1238 241 1385 275 omnibus

1015 292 1086 323 Tua
1110 291 1157 322 sic
1179 289 1378 328 intercessio,

967 339 1013 371 Ut
1037 338 1071 370 in
1095 337 1242 377 supernis
1269 336 1405 368 aedibus

1014 384 1159 417 Tandem
1183 383 1227 415 sit
1250 385 1361 415 nostra
1383 381 1490 422 portio

967 431 1142 471 Beatisque
1161 429 1328 470 spiritibus

1018 480 1054 512 In
1082 478 1163 511 caeli
1186 478 1285 510 iuncti
1311 476 1392 509 solio

967 527 1053 558 Altis
1083 534 1232 558 canamus
1257 525 1405 557 vocibus:

1015 573 1499 612 Icsu,nostraredempti0.

967 640 1083 682 Maria,
1109 640 1367 680 persequentium

1016 689 1046 720 A
1070 687 1216 720 manibus
1238 695 1296 719 nos
1323 686 1426 719 exime

968 735 1013 767 Et
1034 736 1069 767 in
1092 744 1150 768 nos
1175 734 1407 774 insurgentium

1014 783 1175 815 Malorum
1192 785 1297 814 motus
1316 782 1500 821 comprime,

967 830 1014 863 Ut
1041 830 1205 863 videamus
1229 829 1331 862 filium

1014 879 1127 921 Tuum,
1144 878 1197 910 hic
1214 878 1349 918 hymnus
1362 877 1501 909 maxime

968 926 1067 966 Quem
1094 926 1186 958 decet
1211 929 1243 957 et
1267 934 1330 957 non
1356 925 1472 957 alium:

1014 974 1183 1006 Aeterne
1207 982 1274 1006 rex
1296 972 1500 1005 altissime.

967 1040 1083 1079 Maria,
1110 1040 1295 1082 pudicitiae,

1014 1088 1125 1120 Totius
1152 1087 1357 1127 domicilium,

968 1134 1119 1167 Laudare
1143 1138 1176 1167 te
1202 1134 1320 1166 cotidie

1017 1182 1142 1215 Novum
1168 1185 1217 1213 est
1237 1181 1329 1214 nobis
1348 1182 1503 1219 studium,

968 1229 1032 1262 Per
1056 1232 1089 1261 te
1114 1231 1223 1270 simus,
1251 1238 1312 1270 quo
1338 1228 1422 1261 facie

1015 1277 1069 1310 Ad
1095 1276 1210 1309 faciem
1237 1279 1286 1309 est
1311 1277 1451 1309 omnium

966 1324 1057 1357 Haec
1080 1334 1146 1357 una
1169 1334 1234 1357 vox
1258 1325 1422 1359 laetitiae:

1016 1372 1086 1411 Tu,
1115 1372 1307 1413 Christe,
1330 1374 1505 1405 nostrum

1225 1420 1437 1460 gaudium.

965 1485 1083 1527 Maria,
1111 1495 1192 1526 quae
1213 1487 1391 1527 virginibus

1013 1533 1100 1574 Iugis
1124 1534 1226 1566 honor
1251 1537 1284 1566 et
1308 1534 1421 1575 gloria,

968 1579 1032 1613 Sed
1058 1583 1090 1612 et
1115 1582 1225 1613 electis
1250 1582 1396 1614 omnibus

1014 1629 1054 1660 In
1079 1629 1176 1661 caelis
1201 1638 1235 1661 es
1257 1629 1393 1671 laetitia,

967 1674 1038 1707 Hoc
1062 1676 1185 1708 tribuat
1208 1677 1408 1717 supplicibus

1013 1723 1091 1755 Tuis
1118 1723 1240 1756 Christi
1265 1725 1444 1768 clementia,

968 1769 1014 1802 Ut
1039 1771 1154 1803 dentur
1177 1771 1210 1803 in
1237 1772 1429 1805 caelestibus

1015 1818 1149 1851 Beata
1181 1819 1305 1852 nobis
1335 1821 1502 1862 gaudia.

969 1883 1084 1924 Maria,
1112 1888 1145 1917 te
1168 1894 1248 1926 prae
1273 1887 1419 1919 omnibus

1016 1932 1079 1964 Dei
1101 1933 1204 1965 virtus
1226 1934 1430 1974 impleverat,

968 1979 1053 2011 Dum
1077 1981 1140 2012 tuis
1166 1989 1205 2013 ex
1229 1982 1407 2014 visceribus

1015 2028 1211 2068 Assumpsit,
1221 2030 1304 2069 quod
1314 2039 1378 2062 non
1385 2028 1502 2070 fuerat,

967 2074 1014 2107 Ut
1038 2075 1098 2106 tibi
1121 2076 1227 2107 locum
1252 2077 1383 2109 sedibus

1014 2122 1124 2163 Matri,
1151 2123 1241 2164 prius
1267 2125 1489 2170 descenderat,

968 2169 1105 2201 Pararet
1129 2170 1163 2202 in
1189 2171 1391 2212 caelestibus,

1017 2216 1100 2248 Iam
1119 2217 1298 2251 Christus
1316 2224 1423 2254 astra
1440 2231 1503 2254 as-

1229 2268 1449 2305 cenderat.

969 2329 1085 2369 Maria,
1108 2331 1177 2363 sola
1200 2334 1319 2371 gemitu

1020 2376 1148 2420 Carens,
1177 2378 1251 2411 dum
1274 2379 1313 2413 fis
1331 2391 1502 2428 puerpera,

969 2422 1046 2455 Tuis
1071 2433 1156 2456 nunc
1181 2428 1214 2457 et
1234 2427 1267 2459 in
1294 2428 1383 2461 obitu

1018 2469 1126 2503 Servis
1151 2472 1265 2506 adesse
1288 2484 1439 2521 propera,
