1651 2700
212 285 250 317 11

206 1099 258 1130 153.

200 1506 252 1537 14.

193 2325 246 2357 16.

731 189 962 223 -10—

258 311 265 318 .
293 285 428 317 Videtur
454 285 580 325 Abigail

336 333 428 364 istam
455 333 631 374 designare,

290 382 385 421 Quae,
413 389 483 412 cum
507 380 611 412 David
638 379 757 419 placuit

335 428 436 467 ipsam
464 428 666 467 desponsare,

290 475 406 507 Volens
432 483 537 506 coram
560 474 679 505 nuntiis

334 531 369 554 se
393 522 569 560 humiliare,

290 570 390 603 Pedes
421 570 486 600 eins
512 568 627 600 obtulit

333 625 368 648 se
395 617 495 656 ipsam
524 617 641 647 lavare.

287 692 436 731 Figuram
462 691 641 722 huiusmodi

332 739 478 771 Rebecca
501 738 693 779 praetendit,

288 789 373 825 Quae
397 788 547 817 narrante
570 793 670 825 puero

334 834 406 865 dum
431 833 493 864 sibi
517 832 664 872 attendit,

286 882 374 919 Quod
400 888 457 919 per
481 889 591 920 agrum
614 880 739 913 obviam

331 928 423 959 Isaac
446 928 601 969 ascendit,

282 975 331 1007 De
356 977 473 1008 camelo
498 976 642 1015 protinus

329 1023 369 1054 ad
396 1026 514 1055 terram
540 1023 714 1055 descendit.

286 1098 346 1130 Lia
369 1100 489 1130 ventris
514 1099 682 1130 admodum

329 1145 434 1178 fructu
459 1146 607 1187 gratiosa,

281 1195 326 1225 At
350 1194 490 1226 Rachele
513 1192 596 1225 facie

327 1242 428 1273 minus
452 1241 605 1281 speciosa,

282 1288 449 1328 Designari
476 1289 605 1331 poterit,

327 1339 363 1368 ut
386 1337 516 1376 exponit
536 1337 634 1377 glosa,

280 1384 367 1416 Haec
390 1384 474 1416 inter
497 1384 669 1416 Ierusalem

324 1430 407 1463 filias
428 1431 575 1463 formosa.

278 1507 428 1547 Hesther,
453 1516 511 1547 per
535 1517 628 1547 quam
653 1508 780 1541 reddita

324 1555 409 1586 salus
435 1558 484 1586 est
503 1555 633 1593 Iudaeo,

277 1601 321 1633 Et
346 1611 432 1642 crux,
459 1611 552 1642 quam
576 1607 745 1642 paraverat

324 1650 438 1681 Amam
461 1649 687 1688 Mardochaeo,

278 1696 380 1728 Facta
402 1696 578 1737 figuraliter

325 1745 468 1784 designat
493 1753 531 1776 ex
557 1753 593 1776 eo

277 1791 408 1823 (irratam
432 1792 635 1832 singulariter

321 1840 403 1871 hanc
427 1841 567 1881 reginam
595 1840 669 1872 Deo.

241 1940 246 1946 .
274 1915 393 1947 Iterum
422 1916 449 1947 si
475 1916 631 1956 conspicis

323 1963 422 1994 oculis
446 1964 591 2004 internis,

275 2009 428 2050 Spiritum
452 2020 472 2043 a
494 2012 589 2043 litera

322 2058 350 2089 si
374 2058 456 2090 bene
481 2059 646 2100 discernis,

274 2106 335 2145 En,
365 2106 476 2138 ludith
501 2107 631 2139 alterius

318 2153 418 2185 hostis
444 2153 638 2196 Holofernis‚

272 2200 360 2241 Eius,
385 2202 523 2243 inquam,
550 2203 637 2235 cuius
663 2206 710 2235 est

318 2249 406 2281 locus
429 2250 464 2281 in
488 2249 633 2283 infernis.

270 2326 388 2358 Arcam
412 2326 500 2358 iussu
523 2326 651 2359 Domini

319 2373 389 2406 Noe
414 2375 626 2414 construebat,

273 2423 360 2460 Quae
386 2423 524 2455 salvavit
546 2424 633 2455 intra
657 2434 701 2466 se,

318 2471 472 2511 quidquid
499 2472 688 2514 continebat,

883 912 936 944 18.

878 1324 932 1355 15).

873 1733 926 1765 20.

870 2147 926 2178 21,

969 286 1122 319 Homines
1148 290 1180 318 et
1200 298 1328 331 pecora,

1016 343 1097 374 quae
1120 343 1226 368 secum
1253 337 1397 377 tollebat,

968 380 1046 413 Cum
1070 390 1153 421 aqua
1179 384 1291 416 diluvii

1017 432 1131 460 cuncta
1157 432 1374 467 consumebat.

935 531 942 537 .
968 503 1002 535 Si
1026 505 1207 544 scripturae
1230 507 1373 539 iunxeris

1014 560 1140 583 sensum
1166 557 1198 585 et
1221 555 1378 595 sophiam,

968 599 1030 630 Per
1054 608 1163 631 arcam
1186 602 1354 642 intelleges

1013 647 1168 687 virginem
1193 649 1341 693 Mariam,

968 695 1054 732 Quae
1079 703 1134 726 suo
1162 697 1318 728 continuit

1013 742 1045 773 in
1071 742 1143 774 alvo
1168 743 1331 788 Messiam,

963 790 1016 821 Ad
1045 790 1129 821 vitae
1152 800 1213 831 quo
1239 793 1337 824 rediit

1012 838 1112 869 omnis
1139 846 1213 872 caro
1238 841 1332 873 viam.

968 913 1027 945 Per
1053 914 1230 947 columbam
1258 917 1354 948 etiam

1009 970 1043 992 1n
1068 970 1124 993 ore
1147 967 1322 1002 gestantem

964 1008 1098 1050 Olivam,
1126 1010 1314 1044 clementiae

1008 1056 1142 1098 signum,
1170 1058 1386 1100 designantem

963 1102 1145 1136 Gabrielem
1171 1107 1287 1147 virgini

1008 1150 1076 1184 fata
1099 1154 1309 1195 nuntiantem,

962 1200 1051 1238 Quod
1075 1201 1316 1235 misericordiae

1007 1250 1153 1287 portaret
1175 1249 1342 1283 infantem.

960 1323 1108 1364 Abnegat
1134 1324 1320 1359 incredulus

1005 1371 1086 1403 haec
1113 1373 1199 1406 dicta
1223 1375 1361 1407 ludaeus

957 1418 1000 1450 Et
1020 1418 1259 1454 infelicissimus

1003 1467 1059 1498 ille
1082 1468 1302 1514 ManichanS‚

957 1514 1040 1554 Quos
1063 1515 1110 1547 ita
1136 1519 1292 1558 corripiet

1002 1571 1136 1602 sequens
1160 1573 1264 1597 sermo
1288 1575 1388 1608 meus,

957 1611 1047 1648 Quod
1071 1611 1311 1646 adiudicabitur

1004 1658 1057 1689 hic
1080 1661 1111 1690 et
1134 1660 1190 1691 ille
1214 1670 1298 1694 reus.

952 1733 1025 1765 Tibi
1055 1735 1167 1775 loquar
1190 1737 1298 1779 igitur,

1001 1781 1125 1821 perfide
1148 1783 1277 1826 Iudaee,

954 1830 1111 1862 Ausculta
1135 1831 1283 1865 similiter

1001 1880 1033 1909 et
1056 1881 1100 1922 tu,
1126 1879 1327 1925 Manichaee,

953 1925 1036 1957 Dum
1059 1928 1213 1960 transiret
1235 1930 1390 1963 Dominus

1000 1983 1089 2006 mare
1111 1974 1297 2022 Gallilaeae,

952 2021 1060 2054 Dixit:
1092 2032 1161 2067 „me
1185 2025 1374 2067 sequimini“

1000 2071 1095 2103 Petro
1123 2074 1155 2103 et
1179 2075 1340 2108 Andreae.

953 2146 1006 2178 Ita
1029 2156 1081 2179 me
1105 2152 1273 2189 sequimini

998 2204 1062 2227 non
1087 2206 1229 2237 gressum
1255 2201 1412 2233 movendo

950 2242 1020 2274 Nec
1043 2246 1213 2284 utcumque
1238 2248 1400 2287 gressibus

997 2291 1116 2331 pedum
1139 2293 1331 2337 incedendo,

950 2338 1014 2370 Sed
1043 2339 1148 2379 ipsum
1169 2341 1312 2375 iustitiae

1000 2387 1099 2419 solem
1122 2388 1287 2433 intuendo,

949 2434 1048 2474 Quem
1071 2445 1129 2468 vos
1153 2440 1364 2476 pertinaciter

995 2492 1114 2525 negare
1136 2489 1313 2528 perpendo.
