<?xml version="1.0" encoding="UTF-8"?>
<!DOCTYPE html PUBLIC "-//W3C//DTD XHTML 1.0 Transitional//EN"
    "http://www.w3.org/TR/xhtml1/DTD/xhtml1-transitional.dtd">
<html xmlns="http://www.w3.org/1999/xhtml" xml:lang="en" lang="en">
 <head>
  <title>
</title>
<meta http-equiv="Content-Type" content="text/html;charset=utf-8" />
  <meta name='ocr-system' content='tesseract 3.04.00' />
  <meta name='ocr-capabilities' content='ocr_page ocr_carea ocr_par ocr_line ocrx_word'/>
</head>
<body>
  <div class='ocr_page' id='page_1' title='image "./analectahymnica32drevuoft_00218.png"; bbox 0 0 1651 2700; ppageno 0'>
   <div class='ocr_carea' id='block_1_1' title="bbox 131 204 607 580">
    <p class='ocr_par' dir='ltr' id='par_1_1' title="bbox 131 204 431 239">
     <span class='ocr_line' id='line_1_1' title="bbox 131 204 431 239; baseline 0.003 -3"><span class='ocrx_word' id='word_1_1' title='bbox 131 204 186 239; x_wconf 88' lang='lat'>13.</span> <span class='ocrx_word' id='word_1_2' title='bbox 212 204 320 236; x_wconf 86' lang='lat' dir='ltr'>Adam</span> <span class='ocrx_word' id='word_1_3' title='bbox 347 205 431 237; x_wconf 86' lang='lat' dir='ltr'>enim</span> 
     </span>
    </p>

    <p class='ocr_par' dir='ltr' id='par_1_2' title="bbox 215 252 537 333">
     <span class='ocr_line' id='line_1_2' title="bbox 262 252 537 294; baseline 0.004 -10"><span class='ocrx_word' id='word_1_4' title='bbox 262 252 401 286; x_wconf 89' lang='lat' dir='ltr'>humano</span> <span class='ocrx_word' id='word_1_5' title='bbox 426 254 537 294; x_wconf 81' lang='lat' dir='ltr'>generi</span> 
     </span>
     <span class='ocr_line' id='line_1_3' title="bbox 215 300 385 333; baseline 0 -1"><span class='ocrx_word' id='word_1_6' title='bbox 215 300 385 333; x_wconf 83' lang='lat' dir='ltr'>Protulisti</span> 
     </span>
    </p>

    <p class='ocr_par' dir='ltr' id='par_1_3' title="bbox 218 350 607 437">
     <span class='ocr_line' id='line_1_4' title="bbox 265 350 607 394; baseline 0.003 -14"><span class='ocrx_word' id='word_1_7' title='bbox 265 357 383 381; x_wconf 88' lang='lat' dir='ltr'>novum</span> <span class='ocrx_word' id='word_1_8' title='bbox 410 358 470 389; x_wconf 86' lang='lat' dir='ltr'>pro</span> <span class='ocrx_word' id='word_1_9' title='bbox 496 350 607 394; x_wconf 83' lang='lat' dir='ltr'>veteri,</span> 
     </span>
     <span class='ocr_line' id='line_1_5' title="bbox 218 394 454 437; baseline 0.004 -10"><span class='ocrx_word' id='word_1_10' title='bbox 218 394 313 427; x_wconf 87' lang='lat' dir='ltr'>Cuius</span> <span class='ocrx_word' id='word_1_11' title='bbox 338 404 398 437; x_wconf 90' lang='lat' dir='ltr'>per</span> <span class='ocrx_word' id='word_1_12' title='bbox 421 399 454 428; x_wconf 89' lang='lat' dir='ltr'>te</span> 
     </span>
    </p>

    <p class='ocr_par' dir='ltr' id='par_1_4' title="bbox 214 442 540 531">
     <span class='ocr_line' id='line_1_6' title="bbox 265 442 540 477; baseline 0.007 -2"><span class='ocrx_word' id='word_1_13' title='bbox 265 442 444 476; x_wconf 82' lang='lat' dir='ltr'><strong>conformes</strong></span> <span class='ocrx_word' id='word_1_14' title='bbox 468 443 540 477; x_wconf 88' lang='lat' dir='ltr'>fieri</span> 
     </span>
     <span class='ocr_line' id='line_1_7' title="bbox 214 490 441 531; baseline 0.004 -9"><span class='ocrx_word' id='word_1_15' title='bbox 214 490 441 531; x_wconf 85' lang='lat' dir='ltr'>Deprecantur</span> 
     </span>
    </p>

    <p class='ocr_par' dir='ltr' id='par_1_5' title="bbox 264 539 541 580">
     <span class='ocr_line' id='line_1_8' title="bbox 264 539 541 580; baseline 0.007 -10"><span class='ocrx_word' id='word_1_16' title='bbox 264 547 356 571; x_wconf 88' lang='lat' dir='ltr'>senes</span> <span class='ocrx_word' id='word_1_17' title='bbox 383 541 415 570; x_wconf 88' lang='lat' dir='ltr'>et</span> <span class='ocrx_word' id='word_1_18' title='bbox 438 539 541 580; x_wconf 88' lang='lat' dir='ltr'>pueri.</span> 
     </span>
    </p>
   </div>
   <div class='ocr_carea' id='block_1_2' title="bbox 135 614 582 991">
    <p class='ocr_par' dir='ltr' id='par_1_6' title="bbox 135 614 471 654">
     <span class='ocr_line' id='line_1_9' title="bbox 135 614 471 654; baseline 0.003 -7"><span class='ocrx_word' id='word_1_19' title='bbox 135 614 191 649; x_wconf 89' lang='lat'>14.</span> <span class='ocrx_word' id='word_1_20' title='bbox 217 615 281 647; x_wconf 91' lang='lat' dir='ltr'>Per</span> <span class='ocrx_word' id='word_1_21' title='bbox 304 617 346 654; x_wconf 86' lang='lat' dir='ltr'>te,</span> <span class='ocrx_word' id='word_1_22' title='bbox 373 616 471 648; x_wconf 86' lang='lat' dir='ltr'>maris</span> 
     </span>
    </p>

    <p class='ocr_par' dir='ltr' id='par_1_7' title="bbox 265 663 582 703">
     <span class='ocr_line' id='line_1_10' title="bbox 265 663 582 703; baseline 0.003 -9"><span class='ocrx_word' id='word_1_23' title='bbox 265 663 362 695; x_wconf 84' lang='lat' dir='ltr'>stella</span> <span class='ocrx_word' id='word_1_24' title='bbox 389 664 582 703; x_wconf 86' lang='lat' dir='ltr'>clarissima,</span> 
     </span>
    </p>

    <p class='ocr_par' dir='ltr' id='par_1_8' title="bbox 218 711 573 799">
     <span class='ocr_line' id='line_1_11' title="bbox 218 711 405 743; baseline -0.005 0"><span class='ocrx_word' id='word_1_25' title='bbox 218 711 405 743; x_wconf 86' lang='lat' dir='ltr'>Renovatur</span> 
     </span>
     <span class='ocr_line' id='line_1_12' title="bbox 264 759 573 799; baseline 0.003 -9"><span class='ocrx_word' id='word_1_26' title='bbox 264 759 432 799; x_wconf 80' lang='lat' dir='ltr'>peccatrix</span> <span class='ocrx_word' id='word_1_27' title='bbox 456 759 573 799; x_wconf 82' lang='lat' dir='ltr'>anima,</span> 
     </span>
    </p>

    <p class='ocr_par' dir='ltr' id='par_1_9' title="bbox 218 805 532 897">
     <span class='ocr_line' id='line_1_13' title="bbox 218 805 451 839; baseline -0.004 0"><span class='ocrx_word' id='word_1_28' title='bbox 218 807 282 839; x_wconf 88' lang='lat' dir='ltr'>Per</span> <span class='ocrx_word' id='word_1_29' title='bbox 305 809 339 838; x_wconf 88' lang='lat' dir='ltr'>te</span> <span class='ocrx_word' id='word_1_30' title='bbox 362 805 451 838; x_wconf 90' lang='lat' dir='ltr'>Deus</span> 
     </span>
     <span class='ocr_line' id='line_1_14' title="bbox 267 852 532 897; baseline 0 -11"><span class='ocrx_word' id='word_1_31' title='bbox 267 853 380 887; x_wconf 85' lang='lat' dir='ltr'>revisit</span> <span class='ocrx_word' id='word_1_32' title='bbox 410 852 532 897; x_wconf 76' lang='lat' dir='ltr'>infima,</span> 
     </span>
    </p>

    <p class='ocr_par' dir='ltr' id='par_1_10' title="bbox 219 901 557 991">
     <span class='ocr_line' id='line_1_15' title="bbox 219 901 518 934; baseline -0.003 0"><span class='ocrx_word' id='word_1_33' title='bbox 219 901 263 934; x_wconf 86' lang='lat' dir='ltr'>Et</span> <span class='ocrx_word' id='word_1_34' title='bbox 288 905 338 934; x_wconf 91' lang='lat' dir='ltr'>est</span> <span class='ocrx_word' id='word_1_35' title='bbox 364 901 518 934; x_wconf 82' lang='lat' dir='ltr'>drachma</span> 
     </span>
     <span class='ocr_line' id='line_1_16' title="bbox 266 950 557 991; baseline -0.007 -9"><span class='ocrx_word' id='word_1_36' title='bbox 266 952 398 991; x_wconf 78' lang='lat' dir='ltr'>reperta</span> <span class='ocrx_word' id='word_1_37' title='bbox 424 950 557 982; x_wconf 86' lang='lat' dir='ltr'>decima.</span> 
     </span>
    </p>
   </div>
   <div class='ocr_carea' id='block_1_3' title="bbox 139 1025 605 1353">
    <p class='ocr_par' dir='ltr' id='par_1_11' title="bbox 139 1025 605 1353">
     <span class='ocr_line' id='line_1_17' title="bbox 139 1025 411 1061; baseline -0.015 -2"><span class='ocrx_word' id='word_1_38' title='bbox 139 1026 194 1061; x_wconf 89' lang='grc'>15.</span> <span class='ocrx_word' id='word_1_39' title='bbox 223 1025 411 1059; x_wconf 83' lang='lat' dir='ltr'>Contrivisti</span> 
     </span>
     <span class='ocr_line' id='line_1_18' title="bbox 270 1073 568 1115; baseline -0.007 -10"><span class='ocrx_word' id='word_1_40' title='bbox 270 1076 367 1114; x_wconf 86' lang='lat' dir='ltr'>caput</span> <span class='ocrx_word' id='word_1_41' title='bbox 392 1073 568 1115; x_wconf 88' lang='lat' dir='ltr'>vipereum,</span> 
     </span>
     <span class='ocr_line' id='line_1_19' title="bbox 220 1120 492 1162; baseline -0.004 -9"><span class='ocrx_word' id='word_1_42' title='bbox 220 1122 313 1162; x_wconf 78' lang='lat' dir='ltr'>Quod</span> <span class='ocrx_word' id='word_1_43' title='bbox 338 1120 492 1153; x_wconf 88' lang='lat' dir='ltr'>observat</span> 
     </span>
     <span class='ocr_line' id='line_1_20' title="bbox 268 1169 584 1211; baseline -0.009 -10"><span class='ocrx_word' id='word_1_44' title='bbox 268 1172 359 1201; x_wconf 83' lang='lat' dir='ltr'>tuum</span> <span class='ocrx_word' id='word_1_45' title='bbox 389 1169 584 1211; x_wconf 72' lang='lat' dir='ltr'>calcaneum,</span> 
     </span>
     <span class='ocr_line' id='line_1_21' title="bbox 224 1216 459 1249; baseline -0.004 0"><span class='ocrx_word' id='word_1_46' title='bbox 224 1217 344 1249; x_wconf 79' lang='lat' dir='ltr'>Contra</span> <span class='ocrx_word' id='word_1_47' title='bbox 370 1216 459 1248; x_wconf 87' lang='lat' dir='ltr'>cuius</span> 
     </span>
     <span class='ocr_line' id='line_1_22' title="bbox 271 1262 605 1297; baseline -0.003 -1"><span class='ocrx_word' id='word_1_48' title='bbox 271 1273 412 1297; x_wconf 83' lang='lat' dir='ltr'>morsum</span> <span class='ocrx_word' id='word_1_49' title='bbox 437 1262 605 1297; x_wconf 87' lang='lat' dir='ltr'>funereum</span> 
     </span>
     <span class='ocr_line' id='line_1_23' title="bbox 224 1312 487 1353; baseline -0.008 -7"><span class='ocrx_word' id='word_1_50' title='bbox 224 1312 487 1353; x_wconf 71' lang='lat' dir='ltr'>Contemplemur</span> 
     </span>
    </p>
   </div>
   <div class='ocr_carea' id='block_1_4' title="bbox 273 1362 624 1402">
    <p class='ocr_par' dir='ltr' id='par_1_12' title="bbox 273 1362 624 1402">
     <span class='ocr_line' id='line_1_24' title="bbox 273 1362 624 1402; baseline -0.006 -10"><span class='ocrx_word' id='word_1_51' title='bbox 273 1362 457 1402; x_wconf 85' lang='lat' dir='ltr'>serpentem</span> <span class='ocrx_word' id='word_1_52' title='bbox 481 1367 624 1394; x_wconf 83' lang='lat' dir='ltr'>aeneum.</span> 
     </span>
    </p>
   </div>
   <div class='ocr_carea' id='block_1_5' title="bbox 144 1436 558 1812">
    <p class='ocr_par' dir='ltr' id='par_1_13' title="bbox 144 1436 558 1812">
     <span class='ocr_line' id='line_1_25' title="bbox 144 1436 448 1470; baseline -0.01 0"><span class='ocrx_word' id='word_1_53' title='bbox 144 1438 199 1470; x_wconf 91' lang='lat'>16.</span> <span class='ocrx_word' id='word_1_54' title='bbox 228 1436 277 1468; x_wconf 85' lang='lat' dir='ltr'>Tu</span> <span class='ocrx_word' id='word_1_55' title='bbox 302 1437 448 1470; x_wconf 86' lang='lat' dir='ltr'>velamen</span> 
     </span>
     <span class='ocr_line' id='line_1_26' title="bbox 271 1484 529 1525; baseline -0.004 -9"><span class='ocrx_word' id='word_1_56' title='bbox 271 1485 352 1525; x_wconf 83' lang='lat' dir='ltr'>legis</span> <span class='ocrx_word' id='word_1_57' title='bbox 373 1484 408 1515; x_wconf 90' lang='lat' dir='ltr'>in</span> <span class='ocrx_word' id='word_1_58' title='bbox 432 1484 529 1516; x_wconf 86' lang='lat' dir='ltr'>litera</span> 
     </span>
     <span class='ocr_line' id='line_1_27' title="bbox 225 1532 414 1574; baseline -0.005 -10"><span class='ocrx_word' id='word_1_59' title='bbox 225 1532 414 1574; x_wconf 85' lang='lat' dir='ltr'>Removisti,</span> 
     </span>
     <span class='ocr_line' id='line_1_28' title="bbox 272 1580 558 1620; baseline -0.007 -7"><span class='ocrx_word' id='word_1_60' title='bbox 272 1580 363 1620; x_wconf 85' lang='lat' dir='ltr'>virgo</span> <span class='ocrx_word' id='word_1_61' title='bbox 387 1587 558 1620; x_wconf 75' lang='lat' dir='ltr'>puerpera,</span> 
     </span>
     <span class='ocr_line' id='line_1_29' title="bbox 225 1627 449 1660; baseline -0.009 0"><span class='ocrx_word' id='word_1_62' title='bbox 225 1628 278 1660; x_wconf 85' lang='lat' dir='ltr'>Ex</span> <span class='ocrx_word' id='word_1_63' title='bbox 302 1630 336 1659; x_wconf 87' lang='lat' dir='ltr'>te</span> <span class='ocrx_word' id='word_1_64' title='bbox 359 1627 449 1659; x_wconf 84' lang='lat' dir='ltr'>venit</span> 
     </span>
     <span class='ocr_line' id='line_1_30' title="bbox 272 1673 528 1708; baseline 0 -1"><span class='ocrx_word' id='word_1_65' title='bbox 272 1676 330 1708; x_wconf 77' lang='lat' dir='ltr'>lux</span> <span class='ocrx_word' id='word_1_66' title='bbox 358 1673 528 1708; x_wconf 77' lang='lat' dir='ltr'>salutifera</span> 
     </span>
     <span class='ocr_line' id='line_1_31' title="bbox 226 1722 526 1764; baseline -0.003 -9"><span class='ocrx_word' id='word_1_67' title='bbox 226 1722 291 1755; x_wconf 91' lang='lat' dir='ltr'>Per</span> <span class='ocrx_word' id='word_1_68' title='bbox 316 1732 410 1764; x_wconf 86' lang='lat' dir='ltr'>quam</span> <span class='ocrx_word' id='word_1_69' title='bbox 434 1726 526 1763; x_wconf 87' lang='lat' dir='ltr'>patet</span> 
     </span>
     <span class='ocr_line' id='line_1_32' title="bbox 274 1771 518 1812; baseline 0.004 -9"><span class='ocrx_word' id='word_1_70' title='bbox 274 1771 388 1812; x_wconf 83' lang='lat' dir='ltr'>legalis</span> <span class='ocrx_word' id='word_1_71' title='bbox 412 1771 518 1804; x_wconf 83' lang='lat' dir='ltr'>litera.</span> 
     </span>
    </p>
   </div>
   <div class='ocr_carea' id='block_1_6' title="bbox 143 1846 611 2223">
    <p class='ocr_par' dir='ltr' id='par_1_14' title="bbox 143 1846 611 2223">
     <span class='ocr_line' id='line_1_33' title="bbox 143 1846 420 1880; baseline -0.007 0"><span class='ocrx_word' id='word_1_72' title='bbox 143 1848 201 1880; x_wconf 77' lang='lat'>17.</span> <span class='ocrx_word' id='word_1_73' title='bbox 225 1847 265 1879; x_wconf 82' lang='lat' dir='ltr'>In</span> <span class='ocrx_word' id='word_1_74' title='bbox 290 1850 324 1878; x_wconf 89' lang='lat' dir='ltr'>te</span> <span class='ocrx_word' id='word_1_75' title='bbox 346 1846 420 1879; x_wconf 84' lang='lat' dir='ltr'>finit</span> 
     </span>
     <span class='ocr_line' id='line_1_34' title="bbox 276 1893 569 1937; baseline -0.007 -10"><span class='ocrx_word' id='word_1_76' title='bbox 276 1893 398 1935; x_wconf 83' lang='lat' dir='ltr'>figurae</span> <span class='ocrx_word' id='word_1_77' title='bbox 423 1895 569 1937; x_wconf 87' lang='lat' dir='ltr'>caecitas,</span> 
     </span>
     <span class='ocr_line' id='line_1_35' title="bbox 228 1942 475 1982; baseline 0 -7"><span class='ocrx_word' id='word_1_78' title='bbox 228 1942 272 1975; x_wconf 87' lang='lat' dir='ltr'>Et</span> <span class='ocrx_word' id='word_1_79' title='bbox 295 1943 359 1974; x_wconf 89' lang='lat' dir='ltr'>iam</span> <span class='ocrx_word' id='word_1_80' title='bbox 383 1944 475 1982; x_wconf 89' lang='lat' dir='ltr'>patet</span> 
     </span>
     <span class='ocr_line' id='line_1_36' title="bbox 274 1989 611 2031; baseline -0.003 -9"><span class='ocrx_word' id='word_1_81' title='bbox 274 1991 456 2031; x_wconf 85' lang='lat' dir='ltr'>scripturae</span> <span class='ocrx_word' id='word_1_82' title='bbox 479 1989 611 2030; x_wconf 85' lang='lat' dir='ltr'>veritas,</span> 
     </span>
     <span class='ocr_line' id='line_1_37' title="bbox 232 2039 491 2071; baseline -0.004 0"><span class='ocrx_word' id='word_1_83' title='bbox 232 2039 296 2071; x_wconf 89' lang='lat' dir='ltr'>Per</span> <span class='ocrx_word' id='word_1_84' title='bbox 319 2041 353 2071; x_wconf 89' lang='lat' dir='ltr'>te</span> <span class='ocrx_word' id='word_1_85' title='bbox 379 2040 491 2070; x_wconf 88' lang='lat' dir='ltr'>nostra</span> 
     </span>
     <span class='ocr_line' id='line_1_38' title="bbox 278 2085 593 2120; baseline -0.006 -1"><span class='ocrx_word' id='word_1_86' title='bbox 278 2086 410 2120; x_wconf 85' lang='lat' dir='ltr'>scandit</span> <span class='ocrx_word' id='word_1_87' title='bbox 429 2085 593 2118; x_wconf 86' lang='lat' dir='ltr'>humilitas</span> 
     </span>
     <span class='ocr_line' id='line_1_39' title="bbox 228 2134 379 2168; baseline 0 -1"><span class='ocrx_word' id='word_1_88' title='bbox 228 2134 379 2168; x_wconf 85' lang='lat' dir='ltr'>Paradisi</span> 
     </span>
     <span class='ocr_line' id='line_1_40' title="bbox 277 2182 592 2223; baseline 0 -7"><span class='ocrx_word' id='word_1_89' title='bbox 277 2184 371 2216; x_wconf 89' lang='lat' dir='ltr'>sedes</span> <span class='ocrx_word' id='word_1_90' title='bbox 400 2182 592 2223; x_wconf 82' lang='lat' dir='ltr'>prohibitaS.</span> 
     </span>
    </p>
   </div>
   <div class='ocr_carea' id='block_1_7' title="bbox 144 2260 624 2450">
    <p class='ocr_par' dir='ltr' id='par_1_15' title="bbox 144 2260 624 2450">
     <span class='ocr_line' id='line_1_41' title="bbox 144 2260 441 2302; baseline -0.013 -6"><span class='ocrx_word' id='word_1_91' title='bbox 144 2262 201 2297; x_wconf 87' lang='lat'>18.</span> <span class='ocrx_word' id='word_1_92' title='bbox 227 2260 326 2302; x_wconf 85' lang='lat' dir='ltr'>Ergo,</span> <span class='ocrx_word' id='word_1_93' title='bbox 358 2260 441 2293; x_wconf 89' lang='lat' dir='ltr'>caeli</span> 
     </span>
     <span class='ocr_line' id='line_1_42' title="bbox 278 2308 611 2350; baseline 0 -9"><span class='ocrx_word' id='word_1_94' title='bbox 278 2311 448 2349; x_wconf 86' lang='lat' dir='ltr'>terraeque</span> <span class='ocrx_word' id='word_1_95' title='bbox 473 2308 611 2350; x_wconf 88' lang='lat' dir='ltr'>domina,</span> 
     </span>
     <span class='ocr_line' id='line_1_43' title="bbox 229 2357 536 2398; baseline -0.007 -7"><span class='ocrx_word' id='word_1_96' title='bbox 229 2357 330 2398; x_wconf 83' lang='lat' dir='ltr'>Quam</span> <span class='ocrx_word' id='word_1_97' title='bbox 353 2359 536 2390; x_wconf 87' lang='lat' dir='ltr'>sanctorum</span> 
     </span>
     <span class='ocr_line' id='line_1_44' title="bbox 277 2405 624 2450; baseline -0.006 -10"><span class='ocrx_word' id='word_1_98' title='bbox 277 2406 463 2440; x_wconf 86' lang='lat' dir='ltr'>collaudant</span> <span class='ocrx_word' id='word_1_99' title='bbox 487 2405 624 2450; x_wconf 80' lang='lat' dir='ltr'>agmina,</span> 
     </span>
    </p>
   </div>
   <div class='ocr_carea' id='block_1_8' title="bbox 651 112 908 149">
    <p class='ocr_par' dir='ltr' id='par_1_16' title="bbox 651 112 908 149">
     <span class='ocr_line' id='line_1_45' title="bbox 651 112 908 149; baseline -0.004 0"><span class='ocrx_word' id='word_1_100' title='bbox 651 112 908 149; x_wconf 68' lang='lat'>-215-</span> 
     </span>
    </p>
   </div>
   <div class='ocr_carea' id='block_1_9' title="bbox 904 209 1286 387">
    <p class='ocr_par' dir='ltr' id='par_1_17' title="bbox 904 209 1286 387">
     <span class='ocr_line' id='line_1_46' title="bbox 904 209 1081 243; baseline -0.006 -1"><span class='ocrx_word' id='word_1_101' title='bbox 904 209 1081 243; x_wconf 82' lang='lat' dir='ltr'>Benedicta</span> 
     </span>
     <span class='ocr_line' id='line_1_47' title="bbox 952 256 1286 300; baseline -0.003 -10"><span class='ocrx_word' id='word_1_102' title='bbox 952 258 1025 298; x_wconf 89' lang='lat' dir='ltr'>plus</span> <span class='ocrx_word' id='word_1_103' title='bbox 1048 257 1134 289; x_wconf 87' lang='lat' dir='ltr'>omni</span> <span class='ocrx_word' id='word_1_104' title='bbox 1158 256 1286 300; x_wconf 86' lang='lat' dir='ltr'>femina,</span> 
     </span>
     <span class='ocr_line' id='line_1_48' title="bbox 906 305 1177 347; baseline -0.004 -9"><span class='ocrx_word' id='word_1_105' title='bbox 906 305 1023 347; x_wconf 83' lang='lat' dir='ltr'>Meam,</span> <span class='ocrx_word' id='word_1_106' title='bbox 1051 314 1177 346; x_wconf 86' lang='lat' dir='ltr'>quaeso,</span> 
     </span>
     <span class='ocr_line' id='line_1_49' title="bbox 953 351 1273 387; baseline 0.003 -2"><span class='ocrx_word' id='word_1_107' title='bbox 953 355 1090 387; x_wconf 85' lang='lat' dir='ltr'>mentem</span> <span class='ocrx_word' id='word_1_108' title='bbox 1118 351 1273 386; x_wconf 87' lang='lat' dir='ltr'>illumina.</span> 
     </span>
    </p>
   </div>
   <div class='ocr_carea' id='block_1_10' title="bbox 825 428 1310 803">
    <p class='ocr_par' dir='ltr' id='par_1_18' title="bbox 825 428 1092 462">
     <span class='ocr_line' id='line_1_50' title="bbox 825 428 1092 462; baseline -0.007 0"><span class='ocrx_word' id='word_1_109' title='bbox 825 428 878 462; x_wconf 88' lang='lat'>19.</span> <span class='ocrx_word' id='word_1_110' title='bbox 904 428 984 461; x_wconf 87' lang='lat' dir='ltr'>Esto</span> <span class='ocrx_word' id='word_1_111' title='bbox 1014 429 1092 461; x_wconf 89' lang='lat' dir='ltr'>mihi</span> 
     </span>
    </p>

    <p class='ocr_par' dir='ltr' id='par_1_19' title="bbox 908 476 1203 556">
     <span class='ocr_line' id='line_1_51' title="bbox 951 476 1203 509; baseline 0.004 -1"><span class='ocrx_word' id='word_1_112' title='bbox 951 477 986 508; x_wconf 87' lang='lat' dir='ltr'>in</span> <span class='ocrx_word' id='word_1_113' title='bbox 1011 476 1203 509; x_wconf 87' lang='lat' dir='ltr'>adiutorium</span> 
     </span>
     <span class='ocr_line' id='line_1_52' title="bbox 908 523 1124 556; baseline 0 -1"><span class='ocrx_word' id='word_1_114' title='bbox 908 523 1010 556; x_wconf 87' lang='lat' dir='ltr'>Tuum</span> <span class='ocrx_word' id='word_1_115' title='bbox 1033 524 1124 556; x_wconf 86' lang='lat' dir='ltr'>illum</span> 
     </span>
    </p>

    <p class='ocr_par' dir='ltr' id='par_1_20' title="bbox 909 571 1209 660">
     <span class='ocr_line' id='line_1_53' title="bbox 956 571 1209 612; baseline -0.004 -8"><span class='ocrx_word' id='word_1_116' title='bbox 956 571 1077 604; x_wconf 85' lang='lat' dir='ltr'>orando</span> <span class='ocrx_word' id='word_1_117' title='bbox 1098 571 1209 612; x_wconf 88' lang='lat' dir='ltr'>filium,</span> 
     </span>
     <span class='ocr_line' id='line_1_54' title="bbox 909 618 1159 660; baseline 0.004 -10"><span class='ocrx_word' id='word_1_118' title='bbox 909 618 968 657; x_wconf 78' lang='lat' dir='ltr'>Qui</span> <span class='ocrx_word' id='word_1_119' title='bbox 996 627 1056 660; x_wconf 89' lang='lat' dir='ltr'>per</span> <span class='ocrx_word' id='word_1_120' title='bbox 1079 620 1159 660; x_wconf 87' lang='lat' dir='ltr'>ligni</span> 
     </span>
    </p>

    <p class='ocr_par' dir='ltr' id='par_1_21' title="bbox 910 666 1227 753">
     <span class='ocr_line' id='line_1_55' title="bbox 955 666 1227 707; baseline -0.004 -8"><span class='ocrx_word' id='word_1_121' title='bbox 955 666 1063 699; x_wconf 81' lang='lat' dir='ltr'>vitalis</span> <span class='ocrx_word' id='word_1_122' title='bbox 1087 667 1227 707; x_wconf 79' lang='lat' dir='ltr'>pretium</span> 
     </span>
     <span class='ocr_line' id='line_1_56' title="bbox 910 713 1093 753; baseline -0.005 -7"><span class='ocrx_word' id='word_1_123' title='bbox 910 713 1093 753; x_wconf 78' lang='lat' dir='ltr'>captivavit</span> 
     </span>
    </p>

    <p class='ocr_par' dir='ltr' id='par_1_22' title="bbox 955 761 1310 803">
     <span class='ocr_line' id='line_1_57' title="bbox 955 761 1310 803; baseline 0.003 -10"><span class='ocrx_word' id='word_1_124' title='bbox 955 761 1079 794; x_wconf 86' lang='lat' dir='ltr'>hostem</span> <span class='ocrx_word' id='word_1_125' title='bbox 1104 761 1310 803; x_wconf 83' lang='lat' dir='ltr'>Aegyptium.</span> 
     </span>
    </p>
   </div>
   <div class='ocr_carea' id='block_1_11' title="bbox 826 836 1262 1203">
    <p class='ocr_par' dir='ltr' id='par_1_23' title="bbox 826 836 1262 1203">
     <span class='ocr_line' id='line_1_58' title="bbox 826 836 1125 878; baseline -0.003 -8"><span class='ocrx_word' id='word_1_126' title='bbox 826 837 883 871; x_wconf 89' lang='lat'>20.</span> <span class='ocrx_word' id='word_1_127' title='bbox 906 836 957 869; x_wconf 82' lang='lat' dir='ltr'>Tu</span> <span class='ocrx_word' id='word_1_128' title='bbox 979 846 1125 878; x_wconf 77' lang='lat' dir='ltr'>propago</span> 
     </span>
     <span class='ocr_line' id='line_1_59' title="bbox 957 885 1250 925; baseline 0 -9"><span class='ocrx_word' id='word_1_129' title='bbox 957 885 1073 925; x_wconf 88' lang='lat' dir='ltr'>regalis</span> <span class='ocrx_word' id='word_1_130' title='bbox 1100 885 1250 925; x_wconf 85' lang='lat' dir='ltr'>germinis</span> 
     </span>
     <span class='ocr_line' id='line_1_60' title="bbox 909 932 1136 965; baseline 0 -1"><span class='ocrx_word' id='word_1_131' title='bbox 909 932 955 965; x_wconf 85' lang='lat' dir='ltr'>Et</span> <span class='ocrx_word' id='word_1_132' title='bbox 978 933 1136 964; x_wconf 87' lang='lat' dir='ltr'>humanae</span> 
     </span>
     <span class='ocr_line' id='line_1_61' title="bbox 960 980 1225 1020; baseline -0.008 -7"><span class='ocrx_word' id='word_1_133' title='bbox 960 981 1057 1013; x_wconf 90' lang='lat' dir='ltr'>decus</span> <span class='ocrx_word' id='word_1_134' title='bbox 1083 980 1225 1020; x_wconf 67' lang='lat' dir='ltr'>origum,</span> 
     </span>
     <span class='ocr_line' id='line_1_62' title="bbox 911 1027 1167 1067; baseline 0 -8"><span class='ocrx_word' id='word_1_135' title='bbox 911 1027 949 1059; x_wconf 89' lang='lat' dir='ltr'>In</span> <span class='ocrx_word' id='word_1_136' title='bbox 975 1037 1038 1067; x_wconf 87' lang='lat' dir='ltr'>qua</span> <span class='ocrx_word' id='word_1_137' title='bbox 1060 1027 1167 1059; x_wconf 89' lang='lat' dir='ltr'>lumen</span> 
     </span>
     <span class='ocr_line' id='line_1_63' title="bbox 961 1073 1237 1107; baseline -0.007 0"><span class='ocrx_word' id='word_1_138' title='bbox 961 1075 1085 1107; x_wconf 80' lang='lat' dir='ltr'>aeterni</span> <span class='ocrx_word' id='word_1_139' title='bbox 1108 1073 1237 1106; x_wconf 86' lang='lat' dir='ltr'>luminis</span> 
     </span>
     <span class='ocr_line' id='line_1_64' title="bbox 912 1121 1171 1161; baseline -0.004 -7"><span class='ocrx_word' id='word_1_140' title='bbox 912 1121 1031 1154; x_wconf 88' lang='lat' dir='ltr'>Verum</span> <span class='ocrx_word' id='word_1_141' title='bbox 1056 1130 1171 1161; x_wconf 89' lang='lat' dir='ltr'>corpus</span> 
     </span>
     <span class='ocr_line' id='line_1_65' title="bbox 960 1169 1262 1203; baseline 0.003 -1"><span class='ocrx_word' id='word_1_142' title='bbox 960 1169 1092 1202; x_wconf 80' lang='lat' dir='ltr'>vestivit</span> <span class='ocrx_word' id='word_1_143' title='bbox 1114 1169 1262 1203; x_wconf 59' lang='lat' dir='ltr'>hominis</span> 
     </span>
    </p>
   </div>
   <div class='ocr_carea' id='block_1_12' title="bbox 831 1245 1267 1620">
    <p class='ocr_par' dir='ltr' id='par_1_24' title="bbox 831 1245 1267 1620">
     <span class='ocr_line' id='line_1_66' title="bbox 831 1245 1141 1286; baseline -0.01 -7"><span class='ocrx_word' id='word_1_144' title='bbox 831 1245 887 1279; x_wconf 83' lang='lat'>21.</span> <span class='ocrx_word' id='word_1_145' title='bbox 912 1245 959 1278; x_wconf 85' lang='lat' dir='ltr'>Et</span> <span class='ocrx_word' id='word_1_146' title='bbox 982 1246 1141 1286; x_wconf 85' lang='lat' dir='ltr'>processit</span> 
     </span>
     <span class='ocr_line' id='line_1_67' title="bbox 960 1293 1196 1325; baseline -0.004 0"><span class='ocrx_word' id='word_1_147' title='bbox 960 1293 1196 1325; x_wconf 84' lang='lat' dir='ltr'>admirabiliter</span> 
     </span>
     <span class='ocr_line' id='line_1_68' title="bbox 912 1341 1128 1373; baseline -0.005 0"><span class='ocrx_word' id='word_1_148' title='bbox 912 1341 1015 1373; x_wconf 80' lang='lat' dir='ltr'>Verus</span> <span class='ocrx_word' id='word_1_149' title='bbox 1039 1341 1128 1373; x_wconf 84' lang='lat' dir='ltr'>Deus</span> 
     </span>
     <span class='ocr_line' id='line_1_69' title="bbox 964 1388 1267 1429; baseline 0 -9"><span class='ocrx_word' id='word_1_150' title='bbox 964 1392 996 1421; x_wconf 87' lang='lat' dir='ltr'>et</span> <span class='ocrx_word' id='word_1_151' title='bbox 1017 1389 1110 1420; x_wconf 91' lang='lat' dir='ltr'>homo</span> <span class='ocrx_word' id='word_1_152' title='bbox 1135 1388 1267 1429; x_wconf 83' lang='lat' dir='ltr'>pariter,</span> 
     </span>
     <span class='ocr_line' id='line_1_70' title="bbox 915 1436 1208 1479; baseline -0.003 -11"><span class='ocrx_word' id='word_1_153' title='bbox 915 1437 953 1468; x_wconf 90' lang='lat' dir='ltr'>In</span> <span class='ocrx_word' id='word_1_154' title='bbox 978 1444 1081 1477; x_wconf 87' lang='lat' dir='ltr'>quem,</span> <span class='ocrx_word' id='word_1_155' title='bbox 1110 1436 1208 1479; x_wconf 82' lang='lat' dir='ltr'>virgo,</span> 
     </span>
     <span class='ocr_line' id='line_1_71' title="bbox 963 1482 1233 1524; baseline -0.007 -8"><span class='ocrx_word' id='word_1_156' title='bbox 963 1483 1058 1516; x_wconf 89' lang='lat' dir='ltr'>credo</span> <span class='ocrx_word' id='word_1_157' title='bbox 1083 1482 1233 1524; x_wconf 82' lang='lat' dir='ltr'>fideliter,</span> 
     </span>
     <span class='ocr_line' id='line_1_72' title="bbox 916 1532 1185 1571; baseline -0.007 -7"><span class='ocrx_word' id='word_1_158' title='bbox 916 1532 1026 1571; x_wconf 90' lang='lat' dir='ltr'>Ipsum</span> <span class='ocrx_word' id='word_1_159' title='bbox 1050 1540 1110 1570; x_wconf 85' lang='lat' dir='ltr'>pro</span> <span class='ocrx_word' id='word_1_160' title='bbox 1133 1540 1185 1563; x_wconf 88' lang='lat' dir='ltr'>me</span> 
     </span>
     <span class='ocr_line' id='line_1_73' title="bbox 963 1580 1249 1620; baseline 0 -9"><span class='ocrx_word' id='word_1_161' title='bbox 963 1587 1098 1619; x_wconf 87' lang='lat' dir='ltr'>precare</span> <span class='ocrx_word' id='word_1_162' title='bbox 1121 1580 1249 1620; x_wconf 79' lang='lat' dir='ltr'>iugiter.</span> 
     </span>
    </p>
   </div>
   <div class='ocr_carea' id='block_1_13' title="bbox 834 1654 1290 2034">
    <p class='ocr_par' dir='ltr' id='par_1_25' title="bbox 834 1654 1172 1698">
     <span class='ocr_line' id='line_1_74' title="bbox 834 1654 1172 1698; baseline -0.006 -9"><span class='ocrx_word' id='word_1_163' title='bbox 834 1656 890 1689; x_wconf 80' lang='lat'>22.</span> <span class='ocrx_word' id='word_1_164' title='bbox 915 1656 1033 1688; x_wconf 84' lang='lat' dir='ltr'>Botrus</span> <span class='ocrx_word' id='word_1_165' title='bbox 1064 1654 1172 1698; x_wconf 82' lang='lat' dir='ltr'>Cypri,</span> 
     </span>
    </p>

    <p class='ocr_par' dir='ltr' id='par_1_26' title="bbox 918 1703 1268 1792">
     <span class='ocr_line' id='line_1_75' title="bbox 966 1703 1268 1743; baseline -0.007 -7"><span class='ocrx_word' id='word_1_166' title='bbox 966 1713 1041 1736; x_wconf 83' lang='lat' dir='ltr'>rosa</span> <span class='ocrx_word' id='word_1_167' title='bbox 1067 1703 1107 1735; x_wconf 87' lang='lat' dir='ltr'>de</span> <span class='ocrx_word' id='word_1_168' title='bbox 1131 1703 1268 1743; x_wconf 77' lang='lat' dir='ltr'>Iericho,</span> 
     </span>
     <span class='ocr_line' id='line_1_76' title="bbox 918 1751 1186 1792; baseline 0 -8"><span class='ocrx_word' id='word_1_169' title='bbox 918 1751 1030 1784; x_wconf 85' lang='lat' dir='ltr'>Nardo</span> <span class='ocrx_word' id='word_1_170' title='bbox 1057 1760 1186 1792; x_wconf 89' lang='lat' dir='ltr'>compar</span> 
     </span>
    </p>

    <p class='ocr_par' dir='ltr' id='par_1_27' title="bbox 917 1799 1259 1887">
     <span class='ocr_line' id='line_1_77' title="bbox 967 1799 1259 1840; baseline -0.007 -9"><span class='ocrx_word' id='word_1_171' title='bbox 967 1802 1000 1831; x_wconf 86' lang='lat' dir='ltr'>et</span> <span class='ocrx_word' id='word_1_172' title='bbox 1022 1800 1107 1831; x_wconf 89' lang='lat' dir='ltr'>malo</span> <span class='ocrx_word' id='word_1_173' title='bbox 1132 1799 1259 1840; x_wconf 88' lang='lat' dir='ltr'>punico,</span> 
     </span>
     <span class='ocr_line' id='line_1_78' title="bbox 917 1848 1129 1887; baseline -0.014 -6"><span class='ocrx_word' id='word_1_174' title='bbox 917 1848 1129 1887; x_wconf 84' lang='lat' dir='ltr'>Praesignata</span> 
     </span>
    </p>

    <p class='ocr_par' dir='ltr' id='par_1_28' title="bbox 918 1895 1290 1984">
     <span class='ocr_line' id='line_1_79' title="bbox 967 1895 1290 1937; baseline -0.003 -10"><span class='ocrx_word' id='word_1_175' title='bbox 967 1898 1062 1927; x_wconf 84' lang='lat' dir='ltr'>cantu</span> <span class='ocrx_word' id='word_1_176' title='bbox 1089 1895 1290 1937; x_wconf 85' lang='lat' dir='ltr'>prophetico,</span> 
     </span>
     <span class='ocr_line' id='line_1_80' title="bbox 918 1941 1149 1984; baseline 0.004 -10"><span class='ocrx_word' id='word_1_177' title='bbox 918 1943 974 1975; x_wconf 84' lang='lat' dir='ltr'>Me</span> <span class='ocrx_word' id='word_1_178' title='bbox 1001 1941 1149 1984; x_wconf 83' lang='lat' dir='ltr'>defende,</span> 
     </span>
    </p>

    <p class='ocr_par' dir='ltr' id='par_1_29' title="bbox 966 1990 1287 2034">
     <span class='ocr_line' id='line_1_81' title="bbox 966 1990 1287 2034; baseline 0.006 -12"><span class='ocrx_word' id='word_1_179' title='bbox 966 1991 1021 2031; x_wconf 87' lang='lat' dir='ltr'>qui</span> <span class='ocrx_word' id='word_1_180' title='bbox 1045 1990 1105 2022; x_wconf 90' lang='lat' dir='ltr'>tibi</span> <span class='ocrx_word' id='word_1_181' title='bbox 1130 1991 1287 2034; x_wconf 77' lang='lat' dir='ltr'>supplico.</span> 
     </span>
    </p>
   </div>
   <div class='ocr_carea' id='block_1_14' title="bbox 837 2066 1310 2438">
    <p class='ocr_par' dir='ltr' id='par_1_30' title="bbox 837 2066 1144 2108">
     <span class='ocr_line' id='line_1_82' title="bbox 837 2066 1144 2108; baseline -0.007 -6"><span class='ocrx_word' id='word_1_182' title='bbox 837 2068 893 2102; x_wconf 85' lang='lat'>23.</span> <span class='ocrx_word' id='word_1_183' title='bbox 920 2067 976 2100; x_wconf 86' lang='lat' dir='ltr'>Me</span> <span class='ocrx_word' id='word_1_184' title='bbox 999 2066 1144 2108; x_wconf 86' lang='lat' dir='ltr'>adligant</span> 
     </span>
    </p>

    <p class='ocr_par' dir='ltr' id='par_1_31' title="bbox 918 2115 1276 2205">
     <span class='ocr_line' id='line_1_83' title="bbox 968 2115 1276 2158; baseline 0.006 -11"><span class='ocrx_word' id='word_1_185' title='bbox 968 2117 1103 2156; x_wconf 86' lang='lat' dir='ltr'>peccata</span> <span class='ocrx_word' id='word_1_186' title='bbox 1131 2115 1276 2158; x_wconf 82' lang='lat' dir='ltr'>grandia,</span> 
     </span>
     <span class='ocr_line' id='line_1_84' title="bbox 918 2164 1214 2205; baseline -0.007 -8"><span class='ocrx_word' id='word_1_187' title='bbox 918 2164 964 2197; x_wconf 84' lang='lat' dir='ltr'>Et</span> <span class='ocrx_word' id='word_1_188' title='bbox 987 2172 1058 2196; x_wconf 88' lang='lat' dir='ltr'>sum</span> <span class='ocrx_word' id='word_1_189' title='bbox 1081 2173 1140 2205; x_wconf 88' lang='lat' dir='ltr'>per</span> <span class='ocrx_word' id='word_1_190' title='bbox 1163 2173 1214 2196; x_wconf 87' lang='lat' dir='ltr'>me</span> 
     </span>
    </p>

    <p class='ocr_par' dir='ltr' id='par_1_32' title="bbox 919 2212 1247 2302">
     <span class='ocr_line' id='line_1_85' title="bbox 967 2212 1247 2256; baseline -0.004 -11"><span class='ocrx_word' id='word_1_191' title='bbox 967 2212 1118 2252; x_wconf 80' lang='lat' dir='ltr'>indignus</span> <span class='ocrx_word' id='word_1_192' title='bbox 1142 2212 1247 2256; x_wconf 82' lang='lat' dir='ltr'>venia,</span> 
     </span>
     <span class='ocr_line' id='line_1_86' title="bbox 919 2259 1131 2302; baseline 0.009 -10"><span class='ocrx_word' id='word_1_193' title='bbox 919 2259 989 2293; x_wconf 87' lang='lat' dir='ltr'>Tuo</span> <span class='ocrx_word' id='word_1_194' title='bbox 1014 2264 1131 2302; x_wconf 88' lang='lat' dir='ltr'>tamen,</span> 
     </span>
    </p>

    <p class='ocr_par' dir='ltr' id='par_1_33' title="bbox 920 2307 1310 2391">
     <span class='ocr_line' id='line_1_87' title="bbox 969 2307 1310 2350; baseline -0.006 -8"><span class='ocrx_word' id='word_1_195' title='bbox 969 2317 1050 2350; x_wconf 88' lang='lat' dir='ltr'>quae</span> <span class='ocrx_word' id='word_1_196' title='bbox 1077 2312 1169 2350; x_wconf 86' lang='lat' dir='ltr'>potes</span> <span class='ocrx_word' id='word_1_197' title='bbox 1195 2307 1310 2348; x_wconf 85' lang='lat' dir='ltr'>omnia,</span> 
     </span>
     <span class='ocr_line' id='line_1_88' title="bbox 920 2357 1109 2391; baseline -0.005 -1"><span class='ocrx_word' id='word_1_198' title='bbox 920 2357 1109 2391; x_wconf 89' lang='lat' dir='ltr'>Interventu</span> 
     </span>
    </p>

    <p class='ocr_par' dir='ltr' id='par_1_34' title="bbox 967 2405 1226 2438">
     <span class='ocr_line' id='line_1_89' title="bbox 967 2405 1226 2438; baseline -0.008 0"><span class='ocrx_word' id='word_1_199' title='bbox 967 2415 1019 2438; x_wconf 90' lang='lat' dir='ltr'>me</span> <span class='ocrx_word' id='word_1_200' title='bbox 1044 2405 1226 2438; x_wconf 87' lang='lat' dir='ltr'>reconcilia.</span> 
     </span>
    </p>
   </div>
  </div>
 </body>
</html>
