1651 2700
639 148 682 152 —
735 127 899 164 149—

551 219 615 253 105.
648 221 692 253 De
712 221 809 253 beata
830 221 931 253 Maria
943 220 980 252 V.

210 289 235 322 O
262 289 379 333 Maria,
406 299 489 330 quae
513 301 547 323 es
571 292 636 332 pia,

212 337 371 377 Clemens,
392 338 497 380 digna,
512 341 578 371 tam
592 339 739 380 benigna,

209 385 298 417 Talis
325 388 431 418 exstas
454 386 619 427 bonitatis,

212 432 409 465 Excellentis
436 433 611 478 dignitatis,
813 436 869 467 20.

152 481 183 514 5.
211 480 336 512 Tantae
359 481 460 512 mirae
484 481 626 522 pietatis,

209 527 265 560 Sic
290 529 374 568 quod
400 529 523 561 nullum
547 528 740 569 dedignaris,

209 577 240 607 A
266 584 337 617 quo,
364 576 465 617 virgo,
491 577 652 616 salutaria

210 623 280 655 Nec
305 625 475 663 peccantes
501 624 693 664 aspernaris,

213 671 297 703 Dum
323 670 363 703 ab
387 671 468 711 ipsis
489 671 659 704 invocaris.
815 673 871 705 25.

129 718 184 751 10.
209 718 326 750 Preces
352 718 444 751 audis
470 721 503 752 et
527 718 659 751 exaudis

213 766 315 798 Tuum
341 774 454 797 nomen
480 765 674 806 invocantes,

211 813 284 853 Eia,
310 816 423 851 mater,
448 817 482 845 te
506 816 649 844 amantes

211 860 311 901 Rege,
337 860 429 893 salva
450 860 670 899 deprecantes.

211 907 366 941 Normam
392 908 476 940 dona
500 907 694 949 paenitendi,
898 908 995 948 Virgo
1002 908 1066 948 pia,
1076 908 1304 941 Christimater
1313 906 1427 947 etfilia,

131 955 187 990 15.
214 956 354 995 Tempus
379 958 466 986 recte
493 954 535 986 da
560 954 700 996 vivendi,
898 955 923 988 Ο
936 955 1054 995 Maria,
1068 958 1180 987 nostra
1191 964 1265 995 spes
1274 954 1428 996 etgratia,

211 1003 301 1035 Doce
323 1002 457 1034 formam
484 1001 668 1042 confitendi,
817 1003 872 1035 30.
900 1002 1001 1034 Nobis
1026 1002 1069 1034 sis
1094 1011 1221 1042 semper
1245 1003 1395 1042 propitia.

192 1068 265 1096 Clm.
285 1068 440 1096 Monacen.
460 1067 510 1101 (ol.
531 1066 683 1103 Tegurin.)
705 1065 741 1095 20
750 1064 815 1096 015.
836 1068 908 1095 anni
930 1064 1012 1096 1500.

894 293 995 325 Omne
1018 290 1134 323 malum
1161 290 1344 324 dimittendi

892 340 937 372 Et
961 342 1093 379 peccata
1119 337 1271 380 fugiendi,

894 387 996 419 Deum
1022 395 1131 418 verum
1157 386 1317 419 metuendi

893 435 938 467 Et
962 433 1005 466 ad
1030 434 1135 465 caelos
1160 433 1320 473 veniendi,

895 482 941 514 Te
967 489 1037 513 cum
1062 481 1181 513 sanctis
1204 481 1349 513 intuendi

896 530 936 562 In
960 529 1089 561 caelesti
1112 529 1219 569 patria

896 577 981 608 Vera
1008 585 1077 608 cum
1101 576 1235 609 laetitia.

898 624 961 656 Hic
973 624 1006 655 in
1020 623 1114 656 terris
1131 625 1214 655 iuste
1232 623 1274 655 da
1284 622 1425 664 vivendi,

896 671 995 703 Nulla
1021 672 1116 703 cedat
1137 680 1275 711 unquam

945 719 1023 750 hora
1051 718 1266 759 delinquendi,

898 765 961 798 Sed
975 774 1063 797 mens
1079 766 1171 798 detur
1184 766 1266 799 bona
1275 765 1425 805 faciendi,

897 814 961 845 Per
985 816 1029 853 te,
1054 816 1175 856 sancta,

942 860 1038 902 mitis»,
1067 860 1169 894 dulcis
1195 862 1294 903 virgo,

522 1198 586 1231 106.
619 1197 666 1230 Ad
683 1198 812 1230 beatam
830 1197 963 1229 Mariam
981 1197 1019 1229 V.

211 1271 237 1303 O
261 1270 380 1309 Maria,
406 1278 481 1310 spes
506 1278 643 1310 reorum,

210 1317 399 1351 Miseratrix
423 1318 622 1357 miserorum,

895 1269 966 1301 Nec
990 1277 1052 1300 non
1079 1269 1176 1300 totius
1201 1269 1324 1309 gratiae

896 1317 1001 1356 Digne
1025 1319 1128 1348 mater
1152 1316 1326 1356 appellaris

154 1463 185 1495 5.
211 1462 277 1494 Per
301 1460 575 1493 annuntiationem
815 1460 871 1492 30.
899 1459 1011 1499 Tuum,
1037 1468 1163 1501 precor,
1190 1468 1247 1491 ora
1272 1461 1390 1500 natum,

212 1509 395 1549 Christique
421 1508 660 1549 conceptionem
899 1508 945 1540 Ut
968 1507 1163 1547 propitietur
1189 1507 1310 1539 cunctis

212 1557 408 1596 Sacrumque
432 1564 491 1596 per
516 1557 585 1588 eius
610 1557 726 1599 ortum,
898 1554 998 1596 Vivis,
1026 1555 1122 1586 etiam
1148 1553 1319 1590 defunctis,

211 1605 271 1645 Qui
295 1604 408 1636 salutis
436 1602 561 1637 confert
585 1606 723 1643 portum,
900 1602 959 1642 Qui
986 1602 1037 1635 vel
1055 1612 1135 1643 quae
1150 1611 1202 1634 me
1219 1601 1432 1638 offenderunt„

211 1653 335 1692 Tuique
358 1661 418 1692 per
442 1652 507 1684 vim
534 1651 663 1690 doloris,
901 1650 1020 1683 Contra
1046 1660 1097 1682 me
1122 1650 1171 1683 ve]
1200 1650 1411 1691 deliquerunt.

132 1701 187 1733 10.
212 1701 280 1741 Quo
306 1700 447 1732 eiusdem
473 1699 688 1739 redemptoris
817 1699 873 1732 35,
898 1698 983 1731 Meis
1008 1697 1061 1730 fac
1082 1701 1119 1730 ut
1141 1698 1280 1730 inimicis

211 1749 257 1781 Es
283 1748 386 1780 livore
412 1748 562 1788 cruciata,
900 1747 976 1779 Pius
1002 1746 1053 1786 sit,
1079 1748 1116 1778 ut
1139 1754 1202 1778 non
1227 1746 1351 1778 ultricis

213 1797 278 1828 Per
302 1796 462 1836 gaudium,
490 1804 550 1836 quo
574 1795 697 1828 laetata
898 1794 1064 1827 Flammae
1088 1795 1229 1827 sentiant
1252 1794 1401 1835 abyssum

213 1843 293 1875 Eius
319 1844 554 1875 resurrectione
901 1842 1075 1875 Pravitatis
1101 1851 1160 1881 per
1185 1843 1393 1874 commissum.

213 1891 297 1923 Eras
324 1894 356 1922 et
380 1891 575 1931 ascensione,
900 1891 1120 1931 Peccatorum,
1147 1899 1274 1931 quaeso,
1300 1898 1400 1922 nexus

131 1940 187 1973 15.
213 1939 379 1978 Tuamque
403 1947 463 1979 per
489 1938 573 1970 diem
597 1938 727 1981 laetum,
818 1940 874 1972 40.
901 1937 1014 1970 Solvat
1038 1939 1205 1978 utriusque
1229 1946 1336 1978 sexus,

214 1986 346 2026 Quando
368 1995 465 2026 super
482 1994 605 2018 omnem
625 1989 747 2018 coetum
901 1987 1021 2020 Contra
1045 1995 1123 2026 quos
1149 1985 1250 2019 existo
1274 1995 1357 2025 reuS,

213 2034 380 2067 Exaltavit
403 2034 587 2074 angelorum
900 2034 955 2066 Sic
978 2036 1015 2066 ut
1036 2034 1140 2066 salvet
1163 2034 1236 2066 illos
1260 2033 1360 2074 Deus,

214 2083 262 2115 Te
286 2084 428 2123 reginam
444 2082 664 2130 saeculorum,
900 2082 1013 2114 Solvat
1035 2080 1162 2114 functos
1189 2085 1221 2113 et
1241 2082 1371 2114 illorum

214 2131 260 2163 Et
283 2130 402 2163 amoris
426 2138 486 2171 per
510 2129 686 2170 amplexus,
900 2130 930 2162 A
956 2133 1047 2162 reatu
1072 2132 1275 2170 peccatorum

132 2181 187 2214 20.
216 2179 290 2211 Tibi
314 2180 408 2211 natus
435 2178 549 2218 quibus
574 2186 677 2210 nexus
818 2179 874 2211 45.
901 2178 1002 2210 Tuam
1028 2180 1163 2219 propter
1186 2178 1347 2221 pietatem,

216 2227 276 2259 Est
298 2226 333 2258 in
357 2235 470 2259 aevum
494 2230 593 2266 tuque
616 2228 693 2259 nato
900 2226 1028 2268 Fidem,
1055 2234 1146 2267 spem
1170 2229 1204 2258 et
1229 2226 1407 2258 caritatem.

213 2275 252 2308 In
277 2284 409 2307 amoeno
436 2275 515 2307 caeli
541 2276 646 2315 prato,
901 2274 977 2313 Fac,
1005 2276 1040 2307 ut
1064 2274 1146 2307 vivis
1166 2274 1221 2307 det
1238 2275 1430 2315 constanter,

215 2323 278 2356 Per
302 2323 424 2364 largam
451 2326 483 2354 et
509 2322 659 2354 eximiam
902 2322 1076 2363 Largiatur
1101 2321 1303 2355 abundanter

213 2371 316 2405 Tuam
341 2371 605 2410 misericordiam,
902 2370 1080 2403 Animabus
1105 2368 1328 2402 defunctorum

131 2424 186 2456 25.
214 2419 283 2460 Qua
306 2422 342 2452 tu
365 2419 606 2453 misericordiae
820 2420 876 2453 50.
902 2418 998 2452 Locis
1024 2416 1089 2451 frui
1114 2417 1290 2450 beatorum.

212 1366 313 1399 Tuam
338 1374 399 1406 per
423 1365 639 1406 virginitatem

209 1414 341 1451 Mentis,
370 1413 475 1445 carnis
500 1413 685 1454 puritatem,

896 1364 942 1396 Et
965 1372 1024 1403 pro
1046 1363 1110 1396 reis
1136 1364 1330 1403 deprecaris,

897 1412 1067 1451 Templum
1090 1411 1154 1443 ‘Dei
1180 1414 1411 1451 consecratum,
