1651 2700
201 258 256 293 31.

200 656 254 688 32.

200 1050 255 1083 33.

197 1448 253 1479 34.

200 1844 254 1875 35.

197 2232 254 2264 36.

701 182 744 187 —
802 159 965 195 116*

282 259 368 291 Tuus
395 258 476 296 dico,
505 257 641 298 domina,

330 305 383 347 qui
407 314 475 337 sum
501 305 546 336 tui
570 304 658 346 iuris,

283 353 378 387 Cuius
404 356 453 384 est
475 360 660 384 succurrere

330 400 451 432 cunctis
475 398 637 439 perituris,

280 446 467 488 Homicidis,
493 445 628 484 furibus,

328 493 468 526 moechis
495 494 527 524 et
550 491 698 532 periuris,

281 542 334 573 Ad
359 541 498 572 radicem
524 548 655 579 quorum
681 540 729 570 est

327 588 433 629 posita
456 586 586 620 securis.

280 653 391 686 Dulcis
415 654 515 693 virgo,
540 651 658 683 talibus

328 700 417 733 dedit
440 702 473 731 te
495 702 664 739 patronam

280 748 350 788 Ille,
377 747 430 786 qui
456 755 518 778 non
543 745 703 778 hominum

327 794 443 833 accipit
465 802 644 834 personam,

281 842 328 874 Te
354 841 550 873 demonstrat
573 841 707 881 pauperi

327 888 408 921 caeli
432 889 511 920 dans
536 896 691 920 annonam

279 936 324 968 Et
347 935 482 967 merenti
507 935 629 975 despici

326 983 446 1023 gloriae
471 991 629 1015 coronam.

281 1049 406 1081 Talium
430 1052 462 1080 te
486 1047 601 1080 flebilis

325 1096 467 1136 sequitur
496 1098 634 1135 caterva,

279 1143 369 1175 Sicut
394 1145 526 1175 currunt
547 1142 671 1174 hinnuli

325 1194 499 1230 praeeunte
524 1198 626 1231 cerva,

277 1238 378 1269 Istum
402 1237 615 1270 miserabilem

327 1293 454 1325 gregem
477 1288 513 1316 tu
539 1292 702 1326 conserva,

278 1332 328 1364 Ne
352 1332 500 1364 laedatur
523 1331 614 1363 rabie

325 1380 512 1411 daemonum
535 1380 697 1420 proterva.

279 1445 369 1478 Unus
394 1455 463 1477 sum
490 1445 530 1477 de
553 1447 678 1479 miseris

325 1502 394 1534 ego,
419 1493 474 1532 qui
497 1494 701 1537 mundanum,

278 1540 358 1582 Heu,
385 1549 448 1572 non
474 1540 543 1571 cavi
566 1541 713 1580 laqueum

325 1586 444 1626 habens
471 1595 526 1619 cor
549 1588 704 1630 insanum,

280 1634 359 1667 Cum
382 1634 538 1666 mendicis
564 1636 677 1667 ceteris

329 1680 370 1713 ad
395 1683 428 1712 te
450 1681 546 1713 tendo
570 1691 707 1724 manum,

283 1728 377 1760 Cuius
402 1737 492 1761 nemo
517 1730 652 1768 gratiam

328 1776 484 1815 quaesivit
507 1775 541 1806 in
566 1786 690 1811 vanum.

280 1842 324 1873 Et
348 1841 417 1881 quis
441 1851 579 1881 unquam
603 1843 728 1877 Mariae

327 1897 440 1921 nomen
464 1890 633 1932 invocavit,

280 1935 339 1974 Qui
362 1945 425 1967 non
450 1946 469 1969 a
494 1937 659 1970 doloribus

326 1983 391 2016 suis
416 1984 597 2024 respiravit,

280 2031 347 2062 Aut
370 2031 442 2070 quis
467 2031 507 2063 ab
532 2032 712 2066 incursibus

330 2078 514 2110 daemonum
541 2080 680 2122 expavit,

283 2125 319 2157 Si
343 2133 377 2156 se
402 2125 487 2157 dulci
512 2128 638 2160 nomine

329 2172 460 2212 virginis
485 2173 640 2205 armavit?

281 2229 362 2269 Quid
387 2238 501 2261 nomen
525 2230 649 2262 Mariae
673 2236 732 2276 est,

327 2276 390 2308 nisi
414 2276 574 2316 quoddam
599 2281 734 2322 scutum,

281 2324 372 2363 Quod
396 2323 526 2364 repellit
548 2324 698 2370 undique,

328 2371 483 2412 quidquid
509 2374 558 2403 est
577 2376 748 2416 versutum,

260 2436 340 2464 Orat.
360 2445 413 2465 ms.
435 2436 675 2466 Caelestinorum.
696 2447 763 2466 saec

877 465 932 497 37.

880 861 935 894 38.

879 1260 934 1292 39.

877 1657 932 1689 40.

877 2046 933 2080 41.

959 254 1009 286 Eo
1034 253 1088 294 qui
1112 253 1301 294 protegitur,

1008 302 1055 333 sic
1079 309 1115 331 se
1139 300 1238 332 sentit
1261 301 1375 340 tutum,

961 349 1051 388 Quod
1076 357 1141 380 non
1166 348 1258 379 timet
1283 345 1446 380 daemonis

1007 395 1146 428 iaculum
1172 397 1311 428 acutum.

960 462 994 494 Si
1018 462 1157 494 Mariam
1181 461 1336 500 nominas,

1007 510 1141 541 daemon
1167 507 1361 548 expavescit,

961 556 996 589 Si
1020 556 1157 588 Mariam
1182 557 1323 598 invocas,

1008 613 1081 636 caro
1108 603 1302 642 conticescit,

960 650 995 683 Si
1017 650 1145 683 Mariae
1168 650 1343 690 supplicas,

1006 698 1143 730 mundus
1168 698 1222 729 hjc
1244 696 1382 738 vilescit,

959 745 993 779 Si
1017 746 1144 778 Mariae
1167 744 1294 784 iubilas,

1006 796 1093 825 tuum
1121 802 1175 825 cor
1198 792 1344 832 ignescit.

960 861 999 894 In
1021 859 1148 892 Mariae
1169 859 1297 892 nomine

1008 908 1088 939 caeli
1112 905 1214 939 fluunt
1239 907 1345 946 mella,

960 954 1094 988 Cessant
1116 955 1214 986 maris
1239 954 1394 994 turbineS,

1006 1003 1091 1034 cedit
1116 1004 1147 1033 et
1171 1000 1335 1043 procella,l

962 1049 996 1082 Si
1020 1052 1053 1081 te
1076 1047 1190 1081 fluctus
1215 1049 1403 1090 presserint,

1005 1097 1108 1136 ipsam
1133 1097 1314 1139 interpella,

961 1145 1014 1177 Ad
1037 1144 1100 1176 hoc
1125 1144 1207 1175 enim
1236 1144 1353 1176 dicitur

1010 1192 1098 1232 virgo
1123 1192 1220 1223 maris
1245 1192 1349 1223 stella.

960 1258 997 1291 Si
1020 1261 1055 1290 te
1076 1258 1162 1291 forte
1185 1258 1324 1290 senseris

1008 1305 1115 1337 taedio
1143 1306 1305 1346 languere,

959 1354 1012 1387 Ad
1038 1353 1192 1385 virtutum
1216 1361 1316 1393 opera

1005 1404 1141 1432 mentem
1167 1410 1230 1433 non
1256 1399 1391 1443 fervere,

958 1448 1059 1481 Stude
1083 1457 1195 1480 nomen
1221 1448 1355 1489 virginis

1006 1496 1099 1527 huius
1126 1504 1303 1537 recensere,

958 1543 1003 1575 Et
1025 1546 1058 1574 te
1082 1544 1190 1575 statim
1213 1544 1331 1576 senties

1007 1591 1124 1630 spiritu
1149 1591 1267 1631 vigere.

962 1656 1040 1689 Cum
1064 1656 1157 1689 istius
1183 1658 1319 1689 nominis

1005 1707 1143 1736 mentem
1167 1713 1264 1745 sapor
1288 1706 1400 1746 tangit,

960 1751 1052 1783 Intus
1078 1754 1111 1783 et
1135 1752 1275 1784 exterius

1009 1801 1122 1839 cessat,
1149 1799 1305 1839 quidquid
1331 1801 1430 1843 angit,

960 1845 1060 1878 Porro
1087 1855 1157 1878 cum
1182 1847 1370 1880 vocabulum

1008 1894 1062 1933 pie
1086 1894 1195 1935 lingua
1218 1896 1340 1936 pangit,

962 1940 992 1972 A
1017 1945 1108 1974 reatu
1132 1942 1269 1975 solvitur

1008 1990 1132 2031 culpae,
1157 1999 1219 2030 pro
1243 2000 1307 2031 qua
1330 1991 1466 2033 plangit,

960 2046 1025 2080 Sed
1048 2047 1111 2079 iam
1137 2050 1240 2080 metra
1264 2047 1379 2081 finiens

1005 2103 1132 2136 precor,
1159 2096 1248 2136 virgo
1273 2097 1339 2136 pia,

959 2141 1006 2176 Ut
1030 2142 1074 2174 sis
1096 2142 1130 2174 in
1155 2143 1205 2174 his
1230 2144 1373 2177 tenebris

1008 2189 1086 2220 mihi
1110 2189 1166 2221 lux
1191 2193 1224 2222 et
1246 2191 1308 2233 via,

959 2236 1081 2269 Misero
1105 2237 1271 2278 solacium,

1007 2286 1128 2315 maesto
1153 2286 1302 2327 melodia,

960 2330 1071 2363 Donec
1093 2333 1137 2371 te,
1165 2333 1360 2375 dulcissima,

994 2378 1145 2421 videam,
1171 2380 1288 2415 Maria.

765 2460 770 2466 .
795 2438 839 2468 15.
881 2440 949 2468 Cod.
973 2441 1116 2471 Parisien.
1139 2440 1174 2470 18
1186 2442 1251 2472 571.
