1651 2700
661 118 897 156 -89-

136 215 154 247 7
166 222 195 246 a.
220 212 291 257 Eia,
316 213 372 255 pia
394 218 497 248 mater
521 217 584 249 Dei
823 220 880 252 7b.
904 220 982 252 Tuis
1005 220 1090 252 natis
1112 222 1203 251 tuum
1225 223 1345 263 natum,

222 260 268 293 Et
292 261 428 295 hominis
454 273 578 305 quoque
602 265 650 298 rei
907 268 997 301 Bona
1020 270 1132 306 mater,
1163 268 1204 300 da
1227 268 1387 308 placatum

268 309 384 342 Vivum
409 313 630 352 patrocinium,
954 315 1048 347 Nunc
1064 318 1096 348 et
1111 318 1184 355 post
1200 315 1261 348 hoc
1278 317 1432 350 exsilium.

202 394 282 422 Orat.
295 403 348 421 ms.
360 395 494 424 Carthus.
506 398 668 427 Hildesiem
681 407 757 427 saec.
771 398 814 427 15.
837 399 905 427 Cod.
916 400 1067 437 Iosephini
1077 399 1387 437 Hildesheimen.3(6).
1396 418 1431 422 —

126 430 150 466 1,
174 429 191 459 6
211 433 368 461 umbratis.
390 449 428 453 —
448 433 476 470 6,
499 435 516 462 7
537 437 583 464 Tu
602 437 683 465 fehlt.
704 453 742 457 —
762 437 788 472 7,
809 436 827 465 2
847 438 1032 475 hominisque
1051 439 1103 466 rei.

479 565 526 597 59.
556 565 663 597 Oratio
686 566 725 597 atl
745 566 869 598 beatam
891 568 1020 599 mariam
1040 569 1075 600 V.

320 643 443 684 Gaude,
468 645 566 678 maris
591 645 695 687 stella,
721 646 810 677 Iesse
836 646 876 678 de
899 647 1001 687 stirpe
1026 648 1143 689 puella,

319 692 418 732 Quam
445 693 485 724 de
509 695 603 733 gente
623 692 731 724 David
756 693 857 725 virtus
884 694 992 727 divina
1016 696 1151 735 vocavit,

318 739 365 772 Ut
388 740 486 772 verbo
511 740 613 780 patris
637 738 731 771 fieres
754 740 933 774 substantia
956 744 1078 785 matris,

316 787 362 819 Et
385 796 516 827 pareres
544 787 717 827 Christum,
743 788 798 828 qui
820 790 973 822 mundum
997 791 1136 823 solveret
1157 792 1263 833 istum,

261 835 292 867 5.
319 834 374 867 Sic
399 835 494 866 etiam
518 843 661 874 parereS,
688 844 728 866 ne
754 836 935 876 virginitate
960 847 1095 871 careres.

315 882 463 915 Foedere
488 883 584 923 digna
608 882 679 923 pari
704 883 850 923 genetrix
875 885 934 916 tibi
958 886 1047 926 virgo
1072 888 1189 930 vocari,

317 930 363 962 Te
388 939 476 969 voco,
502 930 593 971 virgo
618 930 682 969 pia,
709 931 907 971 supplexque
931 935 1069 973 requiro,
1095 934 1209 979 Maria,

316 977 364 1010 Ut
385 978 494 1010 miseri
521 987 613 1010 curas
640 977 756 1010 divinis
782 978 908 1018 ignibus
932 989 1017 1014 uraS.

316 1026 392 1059 Sum
415 1026 523 1066 miser,
549 1025 724 1058 obscaenus
747 1026 906 1066 nimiaque
929 1028 1101 1067 putredine
1123 1029 1248 1071 plenus,

235 1074 287 1106 10.
316 1074 470 1114 Complue
493 1074 635 1113 peccatis
662 1073 808 1105 caelestis
833 1083 931 1114 aquas
954 1076 1083 1115 pietatis

313 1120 444 1162 Facque
468 1124 522 1153 tuo
546 1122 646 1153 lotum
673 1121 759 1153 dulci
779 1122 991 1155 medicamine
1014 1126 1127 1163 totum,

314 1169 475 1210 Quidquid
498 1172 573 1209 post
596 1177 721 1201 sacrum
747 1170 903 1201 commisit
928 1171 1022 1211 culpa
1046 1172 1219 1211 lavacrum,

316 1217 377 1256 Qui
399 1226 459 1257 per
482 1226 533 1249 me
556 1217 659 1257 labor,
682 1226 842 1257 nunquam
866 1218 936 1250 sine
959 1222 992 1250 te
1014 1219 1199 1252 revocabor.

314 1265 460 1305 Porrige,
485 1265 586 1306 virgo,
611 1273 739 1296 manum
762 1265 867 1297 subito
891 1275 943 1298 me
966 1265 1087 1299 faciens
1112 1276 1234 1309 sanum,

231 1313 287 1346 15.
312 1314 352 1346 In
376 1315 502 1354 partem
527 1313 661 1354 laevam,
688 1321 780 1353 quem
805 1313 907 1345 traxit
931 1315 1024 1354 culpa
1046 1323 1105 1355 per
1128 1315 1240 1347 Evam.

315 1361 449 1393 Placare
473 1361 551 1402 irae,
578 1360 692 1401 quibus
716 1361 805 1393 illam
829 1361 878 1393 vis
903 1362 1039 1404 aperire,

315 1408 393 1442 Cum
417 1408 475 1441 sub
502 1412 643 1441 extremo
666 1409 787 1449 poterit
811 1417 997 1442 succurrere
1021 1419 1121 1443 nemo.

314 1457 390 1496 Quis
415 1455 513 1488 faciet
537 1459 639 1488 tutum
662 1457 848 1496 turpissima
875 1466 1020 1499 quaeque
1043 1461 1195 1499 secutum,

314 1505 357 1537 Ni
381 1504 460 1536 mihi
484 1505 617 1537 tutelam
643 1504 699 1536 des
723 1504 840 1537 iudicis
864 1508 938 1537 ante
964 1505 1169 1546 quaerelam?

231 1555 286 1587 20.
316 1552 393 1585 Cum
418 1553 555 1585 mundus
578 1551 677 1592 flebit,
706 1561 775 1584 cum
801 1556 888 1585 terra
912 1554 1067 1594 polusque
1091 1554 1226 1598 timebit,

315 1600 392 1633 Sola
416 1603 507 1641 potes
532 1603 639 1633 terrae
663 1600 788 1632 miseris
812 1600 961 1642 suffragia
984 1600 1079 1636 ferre.

315 1649 390 1681 Sors
414 1649 471 1681 ubi
495 1651 677 1681 sanctorum
703 1648 854 1688 desperat
878 1658 971 1689 opem
995 1650 1193 1690 miserorum,

313 1697 473 1729 Flectitur
496 1697 573 1729 irati
596 1704 656 1737 per
679 1698 712 1727 te
737 1697 896 1729 sententia
919 1698 998 1731 nati.

312 1745 399 1777 lllud
424 1745 466 1778 ad
492 1753 623 1777 examen
648 1744 764 1776 misero
790 1745 929 1777 concede
952 1745 1109 1786 iuvamen‚

232 1796 287 1827 25.
314 1792 423 1825 Sentio
450 1793 604 1834 damnari,
631 1792 659 1823 si
685 1791 793 1824 differs
818 1793 978 1827 auxiliari.

313 1842 381 1874 Iam
409 1841 501 1873 datus
527 1841 569 1873 ad
593 1840 682 1873 mille
705 1843 864 1873 tormenta
888 1841 1084 1881 Theophilus
1109 1840 1166 1873 ille

313 1890 376 1921 Per
398 1891 432 1920 te
455 1889 599 1921 salvatur
625 1887 814 1928 Christoque
837 1889 1071 1923 reconciliatur.

312 1936 377 1969 Hic
400 1936 446 1968 ita
469 1937 626 1978 peccavit,
653 1936 737 1976 quod
763 1936 924 1970 Christum
949 1940 1042 1978 teque
1065 1936 1203 1977 negavit,

314 1984 383 2016 Nec
408 1984 511 2017 caruit
534 1985 629 2017 venia
654 1986 687 2015 te
711 1984 801 2025 virgo
825 1985 954 2018 iuvante
978 1985 1094 2019 Maria.

230 2036 287 2068 30.
312 2032 382 2073 Ego
408 2034 569 2073 peccator,
593 2040 656 2064 non
683 2032 779 2064 corde
803 2033 856 2065 vel
880 2042 935 2066 ore
959 2036 1102 2074 negator,

312 2080 417 2114 Credo
441 2081 561 2113 salvari
584 2089 644 2120 per
667 2082 762 2120 teque
785 2082 997 2125 reconciliari,

312 2130 451 2169 Propter
474 2131 661 2169 peccantem
686 2128 713 2160 si
737 2129 786 2161 vis
810 2138 904 2162 orare
924 2133 1096 2163 tonantem.

312 2177 392 2219 Hoc,
419 2186 521 2219 sacra,
549 2177 693 2217 dispone,
726 2177 810 2217 quod
834 2177 1011 2210 transferar
1035 2187 1074 2210 ex
1098 2176 1276 2220 Babylone,

309 2226 387 2268 Fac,
413 2226 479 2267 pia,
505 2224 681 2258 Ierusalem
706 2226 920 2259 conscendere
944 2226 1154 2267 spiritualem,

228 2277 284 2310 35.
312 2274 382 2307 Pax
406 2274 461 2307 ubi
487 2274 648 2314 succedat,
676 2282 770 2314 quam
794 2275 883 2307 nulla
910 2275 1067 2308 calumnia
1090 2274 1210 2315 laedat,

310 2323 380 2355 Rex
404 2323 459 2355 ubi
486 2322 612 2356 virtutis
636 2320 674 2353 fit
697 2325 791 2362 potus
816 2325 849 2354 et
873 2332 944 2356 esca
970 2324 1091 2363 salutiS,

307 2372 380 2405 Lux
404 2372 456 2404 ubi
484 2371 613 2413 reginae
638 2370 680 2402 sit
701 2373 814 2411 aperta
837 2371 916 2404 mihi
941 2372 1010 2404 sine
1034 2371 1106 2404 fine.

305 2421 392 2454 Ante
416 2421 651 2462 redemptorem
673 2420 788 2453 sortita
811 2421 897 2454 sedis
922 2421 1083 2460 honorem,
