1651 2700
633 131 893 167 —101—-

134 230 164 261 3.
189 227 267 260 Flos
294 227 334 259 de
357 226 437 260 flore
460 231 657 269 procreatus

189 274 255 308 Hic
279 277 329 307 est
351 283 431 316 puer
455 275 549 308 nobis
574 279 677 315 natus,

192 322 361 363 Sceptrum
388 324 436 355 sui
460 323 659 364 principatus

241 371 365 404 Ferens
389 371 459 403 sine
484 371 627 404 crimine.

192 418 265 451 Hoc
289 419 467 459 prophetae
490 419 721 460 praeviderunt

188 465 233 499 Et
255 466 288 498 in
315 466 446 507 scriptis
472 466 666 507 redegerunt

193 513 413 554 Futurumque
437 514 669 553 praedixerunt

239 561 290 593 De
315 562 404 594 Iesse
429 562 617 603 propagine.
927 562 1090 595 Castitatis
1117 561 1252 602 cingulo.

137 620 171 652 4.
197 618 375 652 Benedicta
399 618 442 650 sit
465 627 617 663 propago,
821 621 852 653 6.
881 619 1028 652 Gloriosa
1052 621 1154 651 mater
1179 618 1249 661 Dei,

195 665 247 699 Ex
272 675 335 707 qua
359 668 436 698 nata
460 670 509 699 est
533 667 653 707 virag0‚
878 666 1133 699 Fundamentum
1158 670 1287 698 nostrae
1311 666 1391 708 spei,

196 714 260 746 Per
284 723 379 755 quam
405 714 509 754 datur,
536 716 572 745 ut
594 715 698 754 imago
882 714 983 747 Huius
1009 715 1140 746 attende
1166 714 1229 746 diei

242 759 448 794 Reformetur
472 761 618 794 hominis.

197 808 261 841 Sed
287 811 320 841 et
345 808 465 841 caelum
489 808 692 841 obscuratum

196 856 393 897 Protoplasti
418 865 477 896 per
501 860 667 897 peccatum

195 904 293 938 iustis
317 907 408 943 patet
432 906 609 936 reseratum

246 952 338 984 Nunc
362 961 422 992 per
446 954 573 992 partum
600 951 740 991 virginis.

817 231 849 264 5.
874 231 964 263 Haec
988 230 1037 261 est
1061 231 1162 261 mater
1185 228 1321 269 illibata,

875 278 973 310 Porta
995 284 1121 317 semper
1146 276 1302 317 obserata,

875 325 953 357 Post
977 327 1009 356 et
1033 326 1107 355 ante
1133 324 1326 365 consignata,

924 372 1045 405 Summi
1068 371 1153 412 regis
1178 371 1307 404 annulo.

877 420 975 459 Virgo
1001 419 1061 451 fuit
1087 418 1269 461 fecundata,

877 468 975 507 Virgo
1001 467 1119 499 mansit
1143 468 1234 507 prole
1260 466 1336 498 data

878 515 947 547 Nec
971 516 1004 546 in
1029 517 1124 554 partu
1150 517 1198 546 est
1222 514 1350 554 privata

927 762 1042 794 Preces
1068 765 1100 793 et
1122 761 1302 802 praeconia.

881 809 905 842 Ο
931 809 1097 848 praeclara
1121 810 1218 842 maris
1243 810 1346 849 stella,

881 856 996 889 Natum
1022 859 1109 888 tuum
1133 857 1313 897 interpella,

882 904 930 937 Ut
955 905 994 936 de
1018 905 1128 936 mundi
1152 914 1209 936 nos
1234 904 1377 943 procella

932 952 1091 984 Perducat
1115 951 1157 984 ad
1176 952 1301 991 gaudia.

203 1016 283 1044 Orat.
303 1025 357 1044 ms.
377 1017 491 1045 Domus
511 1017 615 1045 Novae
633 1016 723 1044 Lucis
742 1018 812 1044 anni
829 1014 912 1044 1477.
936 1015 1003 1044 Cod.
1019 1016 1203 1045 Ultraieetin.
1218 1017 1337 1053 Scriptt.
1351 1016 1432 1044 Eccl.

126 1053 191 1084 375.
210 1070 248 1074 —
272 1054 322 1088 la,
346 1053 361 1082 1
383 1057 423 1083 ist
443 1055 574 1082 offenbar
589 1055 757 1089 vei-andert3
779 1055 849 1083 lies:
873 1055 919 1083 De
939 1056 1073 1091 supernis
1095 1057 1183 1082 misso
1198 1063 1263 1082 rore
1281 1055 1350 1082 odei·
1365 1055 1435 1081 ahn-

124 1093 227 1122 liches.
248 1108 286 1113 —
304 1092 359 1127 412,
378 1092 398 1121 4
418 1101 470 1129 per
489 1092 572 1122 fehlt.
591 1107 629 1112 —-
649 1092 809 1121 Vielleicht
828 1092 968 1129 Sequenz.

542 1194 587 1226 66.
619 1194 665 1225 Ad
684 1195 812 1226 beatam
831 1194 960 1227 Mariam
981 1195 1015 1227 V.

142 1269 172 1299 1.
201 1265 325 1306 Gaude,
351 1266 449 1304 salve,
475 1265 629 1304 templum
655 1264 727 1308 Dei,
829 1264 860 1297 3.
886 1264 993 1304 Digna
1016 1265 1112 1296 laude
1137 1265 1330 1308 angelorum⁷

199 1313 307 1346 Mater
330 1313 401 1345 veri
424 1312 573 1354 Nazarei,

198 1360 258 1402 Tu,
284 1369 378 1401 quam
403 1363 537 1392 matrem
559 1363 674 1392 vocant
693 1359 750 1402 rei,

245 1408 297 1441 Da
319 1408 409 1449 mihi,
435 1409 521 1447 quod
546 1409 650 1448 cupio.

142 1468 175 1499 2.
203 1464 364 1497 Creatoris
391 1468 547 1506 creatura,

201 1513 269 1555 Pia,
296 1512 409 1557 (luicis,
436 1516 535 1552 easta,
560 1521 652 1552 pura,

201 1560 260 1601 Tu,
287 1569 368 1601 qnae
394 1561 468 1592 boni
494 1569 526 1592 es
554 1560 677 1599 datura,

247 1608 298 1641 Da
321 1608 410 1648 mihi,
436 1609 519 1648 quod
547 1608 649 1649 cupio.

885 1312 957 1344 Lux
983 1315 1016 1343 et
1039 1312 1106 1344 vita
1127 1316 1342 1352 peccatorum,

886 1360 945 1400 Tu,
972 1368 1051 1400 quae
1076 1364 1178 1392 mater
1203 1369 1236 1391 es
1260 1368 1396 1399 reorum⁷

931 1406 983 1439 Da
1007 1407 1095 1451 mihi,
1121 1408 1206 1448 quod
1230 1408 1334 1447 cupio.

827 1465 859 1498 4.
886 1465 994 1497 Mater
1017 1465 1118 1497 nostri
1145 1465 1308 1505 creatoris,

886 1512 974 1551 Quae
991 1521 1024 1544 es
1042 1512 1180 1544 clemens
1198 1513 1320 1544 cunctis
1338 1512 1437 1552 horis,

886 1560 944 1601 Tu,
972 1568 1052 1600 quae
1075 1561 1172 1600 plena
1197 1569 1230 1592 es
1257 1559 1405 1602 dulcoris,

933 1607 983 1640 Da
1008 1607 1096 1648 mihi,
1123 1609 1209 1649 quod
1235 1609 1337 1648 cupio.

205 1675 286 1703 Orat.
311 1683 364 1702 ms.
395 1676 507 1703 Domus
533 1674 636 1702 Novae
665 1674 756 1702 Lucis
789 1675 859 1702 anni
887 1672 969 1702 1477.
1010 1674 1079 1701 Ood.
1107 1674 1294 1703 Ultraiectin.
1321 1675 1440 1709 Scriptt.

127 1713 208 1742 Eecl.
230 1711 294 1742 375.

579 1806 623 1839 67.
654 1806 698 1837 De
717 1806 813 1837 beata
833 1805 934 1837 Maria
954 1805 991 1837 V.

146 1887 178 1921 1.
206 1885 329 1927 Gaude,
356 1888 486 1919 sanctae
510 1886 663 1919 trinitatis

203 1934 374 1975 Templum
397 1943 533 1976 sacrum,
559 1934 709 1974 puritatis

252 1982 364 2015 Turris
390 1985 425 2014 tu
449 1981 633 2023 fortissima,

204 2031 282 2065 Plus
295 2039 391 2071 quam
403 2033 514 2063 nectar
527 2033 577 2061 est
588 2031 758 2063 amandum

208 2078 310 2111 Tuum
332 2088 445 2111 nomen
473 2077 699 2121 venerandum,

253 2127 278 2161 Ο
304 2127 393 2168 virgo
419 2127 645 2168 pulcherrima.

146 2189 178 2220 2.
204 2185 267 2219 Est
292 2188 402 2218 exorta
427 2185 545 2217 veritas

204 2233 254 2267 De
279 2236 312 2266 te
337 2236 369 2265 et
391 2233 580 2274 benignitas,

254 2282 278 2316 O
305 2290 378 2323 spes
399 2281 586 2322 animarum,

203 2332 343 2365 Fructus
368 2330 457 2363 venit
480 2328 597 2362 nobilis

204 2379 255 2414 De
277 2382 319 2421 te,
346 2381 436 2412 terra
460 2377 588 2419 fertilis,

253 2428 278 2461 Ο
304 2427 441 2469 pulchra
464 2436 619 2462 rosarum.

831 1887 863 1919 3.
890 1886 938 1918 Tu
964 1894 997 1918 es
1022 1886 1106 1926 regis
1132 1886 1253 1931 civitas7

890 1934 1012 1966 Nostra
1035 1936 1071 1966 tu
1097 1943 1130 1966 es
1154 1935 1294 1978 ciarum,

938 1982 962 2014 O
988 1980 1046 2015 flos
1071 1983 1140 2014 sine
1164 1983 1266 2023 spina,

889 2030 987 2063 Ortus
1011 2033 1062 2063 est
1085 2031 1258 2063 altissimus

889 2078 939 2110 De
967 2081 1000 2110 te
1024 2087 1063 2111 ac
1087 2079 1269 2120 altissimus,

937 2126 962 2159 O
988 2126 1082 2159 stelia
1105 2127 1239 2161 marina.

831 2184 863 2218 4.
892 2184 1024 2217 Gemma
1047 2183 1100 2217 fac
1123 2194 1181 2218 nos
1207 2195 1225 2218 ο
1253 2186 1368 2218 decora

888 2232 936 2265 Te
960 2233 1094 2266 laudare
1118 2234 1204 2266 omni
1222 2234 1311 2272 hora,

937 2281 1024 2321 Quae
1050 2290 1120 2314 cum
1146 2281 1214 2315 Deo
1239 2281 1365 2323 iubilas,

891 2330 994 2363 Carne
1020 2330 1165 2371 pulchra,
1191 2339 1208 2362 o
1236 2330 1359 2371 devota,

891 2379 995 2418 Magis
1020 2381 1126 2411 mente
1150 2381 1242 2418 grata
1265 2379 1340 2420 tota,

937 2427 1025 2467 Quae
1048 2435 1128 2467 prae
1153 2423 1274 2458 cunctis
1300 2424 1422 2459 rutilas,
