1651 2700
118 212 173 245 12.

119 624 175 657 13.

119 1036 175 1067 14.

119 1446 175 1479 15.

116 1858 171 1891 16.

114 2271 170 2306 17.

635 117 895 153 -137-

200 212 319 253 Mater,
348 213 388 245 de
413 221 476 255 qua

248 260 334 293 bona
357 263 406 293 tot
430 261 587 303 audimus,

201 307 276 341 Tibi
300 308 390 349 iuges

249 355 369 396 gratias
393 356 515 397 agimus

200 403 245 435 Et
267 404 401 443 insuper

249 451 411 491 supplices
436 452 584 494 petimus,

202 497 251 532 Ut
276 499 332 531 des
357 508 479 542 pacem,

251 547 294 580 ad
319 556 413 587 quam
437 546 686 586 praetendimus.

202 624 319 666 Mater,
345 624 380 655 in
404 632 466 664 qua

252 674 301 704 est
325 672 428 703 omnis
450 672 575 711 puritas

201 720 248 752 Et
271 719 381 751 totalis

252 767 398 799 abundat
425 766 563 805 bonitas,

203 816 267 848 Per
291 817 324 845 te
350 815 444 846 detur

251 865 343 894 tanta
367 862 535 905 sagacitas,

202 909 295 950 Quod
318 910 467 942 vincatur

251 958 353 990 hostis
381 956 552 990 calliditas

201 1034 298 1066 Mitte
319 1033 412 1066 nobis

253 1083 293 1115 de
320 1081 416 1113 caelis
441 1081 587 1122 gratiam,

204 1130 292 1169 Quae
316 1129 492 1169 praecedat

253 1180 285 1209 et
311 1176 425 1209 doceat
449 1176 544 1216 viam,

203 1225 299 1257 Hanc
321 1225 457 1264 gratiam

253 1274 294 1305 da
318 1272 410 1304 nobis
436 1271 566 1313 sociam,

204 1322 251 1354 Ut
275 1319 472 1360 subsequens

252 1369 348 1401 ducat
373 1368 415 1399 ad
441 1367 585 1407 gloriam.

201 1444 310 1476 Mater
334 1445 432 1484 plena

248 1490 501 1531 misericordiae,

201 1540 276 1572 Dux
303 1542 335 1570 et
358 1539 450 1579 vigor

248 1589 378 1620 nostrae
401 1585 546 1628 militiae,

199 1635 289 1668 Pone
313 1633 409 1666 finem

246 1685 377 1716 nostrae
404 1681 562 1721 miseriae,

197 1731 248 1763 Ne
267 1730 422 1773 subrepat

246 1779 346 1820 pestis
372 1778 514 1811 acediae.

197 1855 340 1889 Mundus
364 1856 427 1887 iste

246 1904 381 1936 multam
406 1902 566 1935 miseriam

198 1953 295 1985 Nunc
319 1953 477 1992 germinat

248 2003 280 2033 et
303 1999 549 2039 immunditiam,

195 2049 248 2081 Da
271 2048 371 2089 igitur

244 2096 500 2136 intellegentiam

196 2146 244 2179 Ut
267 2152 430 2177 servemus

245 2192 351 2226 cordis
376 2191 577 2224 munditiam.

195 2269 398 2310 Memoriam,

243 2319 315 2358 heu,
343 2317 438 2350 nimis
464 2316 596 2350 labilem

192 2366 331 2401 Vivifica

241 2418 275 2449 et
299 2413 353 2448 fac
376 2413 578 2455 pervigilem,

888 213 932 245 Et
955 216 990 245 ut
1015 213 1084 246 Deo

936 261 1058 302 tibique
1081 261 1223 303 iubilem,

886 308 939 341 Ad
963 309 1026 341 hoc
1048 317 1128 349 opus

934 357 1037 389 redde
1060 365 1112 388 me
1136 356 1285 391 habilem.

807 431 860 468 18,
885 432 1027 465 Mundus
1051 433 1113 465 iste

937 481 1051 520 plenus
1076 481 1228 521 invidiae,

888 528 1007 560 Fumus
1031 528 1113 568 ignis

936 576 1213 615 concupiscentiae

888 623 957 655 Iam
984 626 1136 656 excaecat

937 680 1046 703 servos
1073 671 1236 713 ecclesiae,

889 717 986 750 Mitte
1010 720 1115 750 lumen

938 766 980 797 de
1003 766 1081 798 sede
1103 767 1234 807 gloriae.

809 841 864 874 19.
891 841 1017 873 Mentes
1044 850 1118 882 ergo

939 890 1062 930 corrige
1088 890 1232 922 carnales

890 936 960 968 Nec
984 946 1047 969 non
1072 940 1186 977 motus,

938 984 992 1024 qui
1017 987 1092 1016 sunt
1116 984 1278 1026 bestiales,

890 1030 940 1062 Ne
965 1041 1022 1063 nos
1047 1032 1180 1063 laedant

939 1087 1033 1111 canes
1057 1078 1242 1122 infernales,

892 1126 951 1158 Vel
975 1126 1136 1167 perimant

938 1183 1061 1215 poenae
1084 1175 1272 1207 aeternales.

808 1251 864 1283 20.
890 1249 1093 1282 Medicamen

937 1300 1118 1330 nostrorum
1142 1307 1292 1330 sensuum

889 1345 926 1376 ln
952 1344 1096 1377 omnibus

939 1393 981 1424 da
1002 1392 1095 1425 nobis
1121 1402 1303 1435 congruum,

889 1440 935 1473 Ut
956 1441 1100 1472 vivamus

935 1488 1109 1520 secundum
1135 1498 1191 1520 cor
1213 1491 1312 1529 tuum,

890 1534 940 1566 Ne
965 1535 1079 1576 aliquis

937 1585 1046 1616 currat
1068 1583 1102 1616 in
1128 1592 1270 1618 vacuum.

805 1660 861 1694 21.
886 1659 995 1691 Mater
1021 1658 1119 1700 digna

936 1707 1135 1740 beatitudine

886 1755 932 1788 Et
954 1755 1072 1788 nobilis

933 1806 1001 1835 tam
1025 1812 1062 1836 re
1085 1813 1180 1845 quam
1203 1805 1342 1845 nomine,

886 1851 933 1883 ΤΘ
959 1851 1116 1892 deprecor

933 1900 1049 1931 mentis
1077 1898 1251 1940 conamine,

886 1946 931 1979 Ut
961 1948 1018 1980 des
1042 1946 1139 1979 finem

934 1995 1055 2036 absque
1080 1993 1261 2028 formidine.

804 2074 858 2107 22.
885 2072 983 2106 Miles
1008 2072 1128 2113 probus

934 2121 968 2153 in
992 2130 1090 2162 regno
1115 2119 1278 2163 gaudebit,

886 2170 965 2202 Post
987 2169 1133 2202 laborem

933 2218 1085 2258 gaudium
1110 2216 1250 2259 habebit,

884 2264 1085 2306 Hyprocrita

933 2322 1069 2354 poenam
1094 2311 1273 2351 sustinebit,

885 2361 963 2394 Cum
988 2362 1108 2395 Satana

935 2410 1074 2451 reprobo
1097 2407 1230 2450 lugebit.
