1651 2700
688 134 945 170 —113—

171 230 203 262 5.
228 228 295 260 Fas
321 231 370 261 est
392 229 445 261 vel
467 239 533 262 non
558 233 605 262 est
631 230 761 263 amare?

274 276 340 308 Fas
349 280 405 309 est.
415 277 513 317 Quam
523 286 598 319 ergo
607 279 763 319 virginem
770 279 786 311 t>

232 324 321 364 Quae
344 325 463 357 meruit
485 325 630 358 baiulare

279 373 397 404 Verum
420 372 523 404 Deum
549 376 579 405 et
604 374 772 407 hominem.

171 440 201 472 6.
230 439 351 471 Meruit
375 447 457 479 quae
481 440 634 481 virtuosa,

279 487 360 520 Prae
386 487 509 518 cunctis
534 488 630 527 plena
654 489 767 531 gratia,

230 535 358 574 Potens,
383 535 512 573 munda,
539 535 693 578 speciosa,

277 582 390 614 Dulcis
415 582 544 614 humilis
570 585 601 614 et
625 583 690 622 pia.

858 233 891 265 7.
917 231 994 264 Cum
1021 231 1090 271 quis
1112 229 1197 261 hanc
1212 231 1308 270 amat,
1334 231 1469 270 amatur,

963 279 1025 311 Est
1050 286 1124 318 ergo
1149 279 1242 317 grata
1265 277 1371 316 passio

916 326 972 360 Sui
996 335 1095 365 amor,
1121 333 1182 365 quo
1207 325 1320 356 beatur

963 375 1084 407 Amans
1109 372 1226 404 amoris
1250 371 1373 406 bravio.

858 442 889 476 8.
917 441 942 474 O
967 441 1083 480 Maria,
1111 439 1198 479 virgo
1223 447 1351 479 parens,

961 488 1070 521 Meum
1096 487 1142 518 sic
1165 495 1223 518 ure
1246 486 1403 528 spiritum,

915 536 1006 575 Quod
1031 535 1131 568 amori
1156 538 1209 565 tuo
1233 542 1351 574 parens

961 585 1111 615 Amorem
1137 581 1232 614 vitem
1257 581 1394 613 irritum.

232 647 302 675 Cod.
322 647 418 675 Palat.
439 647 643 675 Vindobonen.
663 645 712 683 (01.
734 646 874 684 Canpen.)
892 646 957 676 883.
979 656 1054 676 saec.
1076 644 1149 675 14l15.
1173 662 1209 666 —
1232 644 1256 680 1,
1277 645 1296 674 4
1316 646 1466 682 Quidquid

154 688 235 712 amat
262 687 443 722 coinquinat.
471 700 510 704 —
538 683 563 719 2,
592 683 607 712 1
636 685 687 713 Sic
713 694 788 713 amo.
818 701 852 705 —
878 684 905 720 3,
932 684 950 713 2
977 694 1064 723 enea;
1091 684 1243 713 vielleicht
1268 686 1309 712 ist
1335 684 1386 712 der
1411 693 1465 711 un-

153 724 372 752 varstandliche
391 723 465 751 Vers
486 723 700 751 verschrieben.

597 834 643 865 79.
674 834 718 865 De
737 834 832 865 beata
851 834 955 865 Maria
974 835 1010 866 V.

164 915 197 948 1.
219 914 258 947 In
285 914 408 946 camino
435 914 595 953 crepitans

271 964 361 994 artae
385 962 595 1005 paupertatis,

223 1009 352 1042 Scelere
375 1008 433 1041 sub
461 1008 593 1048 proprio

271 1056 482 1089 venumdatus
508 1056 618 1097 gratis,

225 1104 378 1144 Pretium,
403 1112 464 1143 quo
490 1112 666 1143 consequar

272 1154 390 1184 statum
415 1150 586 1191 libertatis,

224 1200 254 1231 A
278 1203 311 1231 te
336 1198 473 1239 supplex
497 1197 616 1242 flagito,

271 1250 374 1279 mater
398 1245 538 1286 pietatis.

165 1305 195 1336 2.
223 1304 324 1336 Tutus
349 1303 409 1335 ‘tibi
435 1303 591 1342 supplico,

271 1352 428 1383 neminem
456 1359 526 1382 cum
550 1359 683 1392 spernas

204 1399 292 1430 'Nec
315 1398 477 1439 poscentis
503 1398 627 1430 veniam

270 1447 384 1478 merita
411 1446 585 1486 discernas,

221 1493 304 1526 Nam
333 1497 366 1526 te
390 1493 606 1526 invocantium

268 1542 410 1574 maculas
435 1543 583 1572 veternas

221 1590 396 1622 Consuevit
416 1590 544 1629 tergere

270 1637 383 1680 gratia,
412 1645 475 1676 qua
500 1645 624 1670 vernas

162 1696 193 1728 3.
221 1695 383 1735 Quidquid
407 1694 489 1734 petit
511 1694 651 1734 indigus,

267 1742 403 1782 praebes
429 1739 608 1783 affluenter,

222 1790 479 1822 Circumventum
502 1789 650 1829 nequiter

268 1838 366 1878 eripis
390 1837 578 1879 prudenter,

220 1887 355 1926 Captum
380 1886 445 1917 iam
469 1884 509 1916 ab
535 1885 680 1917 hostibus

267 1933 388 1966 liberas
413 1934 573 1973 potenter,

217 1980 442 2013 Restaurando
467 1980 596 2020 perdita

267 2030 389 2061 cunctis
416 2030 645 2068 competenter.

158 2089 190 2121 4.
219 2087 328 2120 Omnis
355 2086 597 2119 adversantium

266 2135 358 2167 dolus
381 2134 430 2166 illi
456 2133 550 2173 cedit,

219 2183 279 2222 Qui
304 2185 378 2214 tuae
403 2182 591 2213 clementiae

263 2239 298 2263 se
323 2233 356 2262 et
376 2239 435 2262 sua
460 2230 574 2269 credit,

214 2279 350 2312 Dulcem
374 2277 474 2310 habet
497 2278 667 2321 medic-am,

264 2327 407 2367 quisquis
433 2326 475 2358 ad
501 2329 533 2358 te
558 2326 654 2367 redit,

214 2376 296 2416 Quia
321 2378 375 2407 tua
400 2374 504 2414 pietas

260 2427 363 2467 sanat,
390 2422 546 2463 quidquid
571 2422 682 2457 laedit.

195 2485 322 2512 Dreves,
336 2484 381 2506 Pia
394 2482 540 2507 Dictamina.
571 2482 598 2506 V.

853 917 882 947 5.
910 915 1030 947 Manus
1052 914 1278 954 unguentarias

957 962 1066 1005 habes,
1092 961 1181 1001 virgo
1206 961 1303 1001 mitis,

910 1009 1028 1048 Quibus
1053 1008 1107 1049 pie
1130 1008 1279 1040 subvenis

958 1056 1107 1089 cordibus
1134 1055 1289 1093 contritis,

910 1104 993 1136 Nam
1020 1112 1090 1135 cum
1114 1103 1148 1134 in
1175 1102 1345 1134 dulcedine

956 1152 1047 1192 larga
1071 1150 1115 1183 sis
1142 1152 1174 1181 et
1199 1150 1285 1191 ditis,

910 1199 1008 1241 Opem
1033 1198 1120 1231 ferre
1143 1198 1268 1229 miseris

956 1247 1047 1287 quasi
1071 1254 1198 1285 semper
1218 1245 1300 1279 sitis,

874 1330 881 1337 .
907 1304 992 1336 Hinc
1017 1306 1075 1346 est,
1102 1303 1187 1342 quod
1212 1302 1405 1342 multiplices

957 1352 1058 1383 trahis
1082 1353 1157 1390 post
1180 1353 1212 1381 te
1236 1350 1385 1389 praedas,

909 1400 978 1432 Nec
1001 1406 1155 1439 personas
1184 1397 1323 1437 despicis

954 1449 1230 1487 quantumcunque
1254 1444 1375 1489 foedas,

908 1495 954 1527 Et
975 1494 1050 1534 quia
1073 1493 1256 1534 petentibus

951 1542 1175 1573 incunctanter
1199 1543 1231 1572 te
1258 1540 1324 1578 daS‚

907 1589 1060 1623 Omnibus
1085 1588 1276 1620 subveniens

955 1645 1079 1669 omnem
1102 1638 1225 1676 pestem
1251 1636 1356 1670 sedas.

873 1697 903 1730 7.
930 1697 968 1729 In
993 1698 1027 1727 te
1050 1692 1131 1726 nihil
1155 1701 1314 1733 asperum,

976 1743 1057 1775 nihil
1082 1743 1131 1773 est
1155 1743 1327 1782 austerum,

931 1791 1084 1824 Omnibus
1110 1789 1289 1821 antidotum

977 1838 1108 1871 exhibes
1133 1837 1303 1877 sincerum,

929 1887 983 1928 Et,
1007 1889 1043 1918 ut
1068 1884 1189 1918 eunctis
1212 1884 1335 1924 liqueat

975 1934 1057 1966 illud
1083 1941 1153 1964 esse
1177 1941 1297 1976 verum,

927 1982 1023 2015 Libet
1047 1982 1108 2014 hoc
1133 1980 1312 2020 exprimere

974 2039 1033 2070 per
1056 2028 1175 2069 figuras
1200 2037 1317 2061 rerum.

870 2089 900 2122 8.
928 2088 976 2120 Tu
1002 2096 1035 2119 es
1059 2087 1170 2119 hortus
1194 2087 1375 2127 germinans

974 2134 1090 2177 hysopi
1114 2133 1259 2178 virorem,

927 2184 987 2223 Qui
1011 2182 1140 2216 letalem
1165 2182 1313 2222 reprimit

973 2230 1114 2272 pectoris
1135 2232 1302 2270 tumorem,

924 2280 975 2312 Tu
1000 2288 1033 2313 es
1056 2287 1132 2312 rosa
1155 2278 1292 2310 rutilans

973 2337 1070 2369 super
1095 2335 1220 2358 omnem
1245 2324 1367 2367 florem,

927 2376 1040 2409 Carnis
1065 2383 1155 2408 more
1179 2374 1240 2405 lilii

972 2425 1122 2464 mitigans
1147 2422 1306 2456 ardorem.
