1651 2700
613 127 851 162 -21-

149 221 218 250 eod.
240 221 382 250 Oxonien.
404 223 513 259 Digby.
539 220 585 251 65.
613 231 690 251 saec.
720 221 764 252 13.
789 238 827 243 -·
855 224 946 252 Diese
965 224 1020 252 Hs,
1042 223 1156 252 euthalt
1175 224 1223 253 die
1243 225 1384 254 Gedichte

73 260 277 293 Gffleffidi,
300 261 434 296 prioris
456 261 636 290 ecclesiae
655 262 684 290 S.
706 261 889 290 Swithuni
907 261 1185 291 wintoniensis.
1225 264 1383 292 Unmittel-

73 300 126 327 bar
153 298 206 327 auf
228 298 378 327 dieselben
405 299 480 335 folgt
507 308 568 327 von
597 299 751 328 ‹lei-selben
776 300 866 328 Hand
893 300 1085 336 gesehrieben
1114 302 1173 328 und
1205 303 1259 329 mit
1287 303 1384 329 Noten

74 337 176 373 obiges
195 336 283 370 Lied,
310 337 364 365 das
388 337 494 366 hochst
515 338 761 366 wahrscheinlich
785 347 847 366 von
872 338 1040 367 demselben
1063 339 1217 368 Vei-fasser
1240 340 1385 367 herruhrt.

73 375 131 404 Die
150 374 279 403 Melodie
305 377 345 403 ist
368 378 444 403 trotz
469 376 520 404 der
540 376 803 405 Verschiedenheit
824 378 874 404 des
895 376 1078 405 Versmasses
1098 386 1154 405 nur
1174 379 1240 406 eine
1262 377 1309 406 ffir
1329 377 1387 405 alle

74 413 229 450 Strophen.

535 507 563 539 9.
593 506 637 538 De
654 507 751 538 beata
770 506 871 538 Maria
891 507 926 538 V.

88 578 120 611 1.
144 579 225 618 Ave,
253 578 335 610 caeli
359 578 497 622 domina,

149 626 237 666 Quae
260 625 462 659 transcendis
488 626 613 666 agmina

196 673 351 706 Caelestis
374 673 519 714 militiae,

146 723 228 763 Ave,
255 719 333 753 felix
358 719 488 761 femina,

149 769 239 803 Stola
263 769 404 809 gaudens
429 769 554 808 gemina

195 816 299 857 Super
322 817 470 849 thronum
495 815 626 856 gloriae.

91 876 121 908 2.
151 876 261 917 Surge,
288 882 392 914 surge,
418 882 568 913 propera,

149 922 244 955 Oliva
267 919 446 959 fructifera,

196 969 299 1002 Tuum
323 968 462 1001 fundens
488 970 601 1012 oleum,

149 1019 220 1051 Tua
244 1025 371 1057 semper
394 1017 495 1049 ubera

150 1066 224 1098 Mea
254 1067 368 1098 sanent
391 1064 533 1105 vulnera,

200 1113 224 1146 O
249 1112 343 1145 iubar
368 1113 559 1144 aethereum.

93 1173 125 1206 3.
151 1172 201 1204 Tu
226 1180 260 1203 es
284 1171 374 1211 virgo
400 1170 527 1209 sapiens

150 1220 197 1252 Et
219 1218 319 1251 verbo
347 1217 528 1258 concipiens

201 1266 277 1298 Sine
298 1265 362 1298 viri
387 1265 510 1309 copula,

154 1314 255 1349 Stella
279 1314 379 1345 solem
404 1313 561 1354 praeiens,

153 1363 277 1395 Lumen
297 1360 493 1401 indeficiens,

201 1410 294 1442 Luna
318 1410 387 1441 sine
410 1409 543 1441 macula.

774 578 807 610 4,
833 577 981 618 Regnans
1005 579 1071 610 iam
1093 578 1129 609 in
1149 578 1273 619 superis

835 624 970 665 Depelle
996 635 1015 658 a
1035 625 1161 657 miseris

884 672 1005 712 Culpae
1028 674 1065 704 tu
1090 673 1268 714 caliginem,

834 720 926 752 Salus
951 721 1052 753 nostri
1077 721 1213 762 generis,

838 768 958 807 Culpae
983 768 1075 801 nobis
1101 768 1218 800 veteris

882 815 1042 856 Absterge
1066 815 1256 856 rubiginem.

776 873 806 905 5.
835 871 929 904 Nunc
953 875 985 905 te
1007 882 1083 913 rogo
1106 873 1272 914 virginem,

838 921 899 953 Per
924 923 1011 952 tuam
1037 921 1240 952 dulcedinem

882 968 1033 1007 Respiret
1062 968 1204 1011 ecclesia,

838 1015 933 1048 Cuius
960 1015 1232 1055 pulchritudinem

836 1065 943 1103 Atque
967 1063 1242 1095 mansuetudinem

883 1110 1046 1143 Mirantur
1070 1110 1229 1143 caelestia.

780 1170 811 1201 6.
834 1168 907 1207 Eia,
933 1166 986 1200 fac
1010 1176 1061 1199 me
1084 1168 1200 1208 iugiter

838 1216 995 1248 Devotum
1022 1219 1054 1248 et
1077 1216 1202 1256 puriter

886 1264 935 1295 Te
957 1272 1084 1304 semper
1111 1263 1255 1305 diligere,

840 1311 964 1351 Dignae
989 1315 1020 1343 et
1046 1311 1216 1343 sollicitum

840 1358 936 1391 Nunc
960 1367 1149 1400 semperque
1175 1358 1316 1391 debitum

889 1407 1010 1439 Laudis
1035 1407 1094 1438 tibi
1119 1407 1268 1439 reddere.

158 1475 227 1504 God.
255 1475 462 1503 Garolsruhan.
487 1474 611 1510 Augien.
637 1471 683 1502 36.
710 1481 785 1501 saec.
812 1470 884 1502 1⁴!15.
912 1488 948 1492 —
980 1471 1011 1507 4,
1032 1470 1051 1500 2
1080 1472 1204 1508 Depelle
1229 1472 1279 1499 hic
1304 1480 1327 1499 a.

82 1515 108 1551 6,
129 1514 150 1543 4
168 1515 277 1550 Digna.
297 1528 335 1532 —
356 1510 382 1548 6,
403 1511 420 1540 6
440 1513 566 1541 Laudes.

502 1607 544 1639 10.
576 1604 619 1636 Aa
637 1604 765 1636 beatam
783 1603 916 1636 Mariam
937 1603 976 1635 V.

94 1682 126 1714 1.
152 1681 234 1719 Ave,
260 1678 420 1710 caelorum
442 1677 549 1718 ianua,

154 1728 262 1761 Mater
284 1726 347 1759 Dei
373 1728 405 1757 et
428 1725 506 1766 filia,

154 1775 301 1809 Salutate.
325 1774 365 1807 ab
391 1774 514 1815 angelo,

155 1824 342 1857 Praeelecta
366 1831 385 1854 a
407 1821 552 1854 Domino.

97 1886 130 1916 2.
155 1882 225 1924 Ego
253 1880 296 1913 ad
320 1883 353 1912 te
379 1877 535 1922 confugio,

155 1930 264 1972 Virgo,
289 1937 362 1960 mea
385 1928 532 1966 salvatio,

155 1978 274 2011 Salutis
300 1985 373 2017 spes
400 1979 432 2007 et
456 1976 577 2015 veniae,

154 2027 264 2059 Mater
286 2024 539 2057 misericordiae.

96 2087 127 2119 3.
156 2084 253 2117 Salva
277 2082 319 2116 ad
344 2085 378 2115 te
403 2080 585 2124 fugientem,

156 2132 257 2166 Serva
280 2140 332 2164 me
356 2131 390 2163 in
414 2133 447 2162 te
469 2132 661 2170 sperantem,

155 2181 259 2223 Super
284 2188 392 2212 omnes
417 2181 450 2210 te
475 2186 582 2220 exoro,

153 2229 258 2272 Super
282 2237 391 2260 omnes
417 2230 450 2259 te
473 2226 619 2267 imploro.

94 2291 127 2323 4.
154 2288 204 2320 Tu
229 2296 262 2319 es
285 2295 360 2319 vere
384 2285 558 2326 potentior,

153 2337 244 2369 Inter
269 2343 377 2368 omnes
404 2334 538 2375 dulcior,

154 2387 245 2419 Inter
270 2391 378 2417 omnes
402 2382 563 2422 humilior,

157 2434 246 2467 Inter
271 2441 379 2466 omnes
404 2431 581 2464 sublimior.

782 1676 815 1708 5.
840 1674 955 1707 Nullus
981 1682 1096 1714 nempe
1120 1673 1346 1714 confundetur,

841 1723 931 1757 Sicut
957 1731 1040 1765 reor,
1066 1731 1126 1754 nec
1150 1722 1316 1762 perdetur,

840 1772 901 1812 Qui
921 1781 957 1803 se
979 1771 1040 1803 tibi
1064 1770 1303 1803 commendabit

840 1820 886 1852 Et
908 1822 941 1851 te
965 1827 1062 1858 prece
1085 1817 1260 1851 invocabit.

784 1879 814 1911 6.
843 1878 867 1911 Ο
893 1876 1010 1917 Maria,
1036 1878 1140 1908 mater
1165 1875 1236 1916 Dei,

841 1925 1009 1967 Miserere,
1035 1933 1151 1965 precor
1173 1924 1234 1955 mei

839 1974 947 2014 Atque
969 1982 1027 2012 pro
1052 1981 1103 2004 me
1128 1981 1185 2004 ora
1208 1972 1322 2014 Deum,

840 2022 887 2055 Ut
909 2021 1057 2054 absolvat
1080 2023 1169 2053 tuum
1191 2029 1293 2055 reum,

783 2080 813 2113 7.
839 2080 908 2120 Ego
933 2078 993 2111 tibi
1018 2087 1069 2111 me
1095 2078 1292 2118 commendo,

840 2127 896 2160 Me
919 2128 953 2160 in
979 2136 1107 2160 servum
1131 2127 1191 2158 tibi
1216 2127 1318 2164 trado,

841 2177 866 2209 O
894 2175 1032 2217 domina,
1059 2184 1110 2207 me
1134 2174 1260 2216 respice

840 2225 886 2257 Et
911 2225 1084 2256 clementer
1109 2223 1244 2263 suscipe.

784 2285 815 2319 8.
840 2283 981 2323 Respice
1004 2290 1065 2324 me,
1092 2291 1110 2314 ο
1133 2280 1251 2322 Maria,

841 2331 904 2364 Dei
928 2333 1040 2372 maier,
1067 2330 1157 2371 virgo
1182 2329 1245 2368 dia,

844 2381 889 2413 Et
913 2380 1009 2413 visita
1032 2387 1084 2411 me
1107 2377 1267 2419 miserum,

843 2429 1038 2470 Oppressum
1063 2427 1148 2458 mole
1171 2425 1337 2457 scelerum.
