1651 2700
659 128 915 163 -145—

205 218 274 246 Cod.
306 221 437 249 Duacen.
465 220 514 257 (ol.
542 221 755 257 Marchianen.)
779 222 825 251 49.
852 232 927 252 saec.
957 221 1001 252 13.
1029 224 1070 251 in.
1097 223 1131 250 A.
1161 238 1200 242 —
1227 223 1296 251 Cod.
1317 224 1441 251 Parisin.

125 254 211 285 3639.
238 265 316 286 saec.
342 256 415 287 15l16.
442 261 475 288 B.
497 275 535 279 —
555 258 582 295 2,
603 259 621 288 3
651 260 746 289 Stella
766 263 856 289 maris
877 262 911 290 A.
932 277 968 281 -—-
989 260 1016 295 2,
1036 260 1056 289 4
1076 263 1106 289 et
1126 262 1222 289 lumen
1246 262 1279 289 B.
1301 277 1337 280 —
1359 259 1403 294 10,
1425 260 1442 288 6

126 295 237 324 adduxi
266 297 297 323 Β.
323 312 362 317 -—
390 296 439 334 11,
461 297 478 327 6
505 299 623 326 diversa
649 301 757 327 merita
782 301 816 328 A.
845 315 883 319 —
910 298 953 334 11,
974 299 991 327 ’7
1019 307 1062 336 sq.
1089 308 1157 327 mox
1176 307 1245 327 rosa
1264 299 1443 335 sublingua

125 334 161 361 A.
188 349 227 379 —--
255 333 299 368 15,
319 335 339 363 4
367 337 477 364 Reddit
495 338 528 365 Β.
549 352 586 356 -
607 335 653 369 16,
677 336 695 364 2
721 347 773 374 pro
795 347 848 366 suo
869 339 901 366 B.
924 353 957 357 -—-
981 336 1025 372 18,
1046 336 1064 366 3
1085 338 1209 365 mundus
1232 337 1270 373 B;
1295 338 1392 365 camis
1413 340 1443 365 et

125 372 228 400 mundi
252 373 287 400 A.
312 389 351 392 —
378 372 421 409 19,
443 373 460 403 5
488 375 562 403 fehlt
581 377 614 403 B.
635 392 673 396 —
692 376 846 404 Verfasser
866 377 960 404 dieses
982 377 1088 404 Liedes
1110 378 1150 404 ist
1178 376 1229 403 der
1249 375 1371 403 Dichter
1391 375 1440 402 des

125 410 319 440 Psalteriums
341 412 446 448 „Ave,
468 414 628 449 lignum,
650 414 749 450 quod
771 423 835 442 suo
856 413 1055 451 tempore“;
1077 416 1101 443 B
1120 416 1213 442 neunt
1232 413 1275 441 als
1289 413 1441 441 Verfasser

125 448 183 476 den
201 449 242 477 hl.
263 450 423 485 Bernhard,
444 452 592 479 natiirlich
611 453 667 479 mit
684 452 824 480 Unrecht.

580 534 626 567 98.
655 535 699 566 De
718 535 811 566 beata
831 535 932 566 Maria
953 536 988 567 V.

386 595 460 627 Non
484 596 549 627 iam
577 596 765 628 discordant
788 599 891 628 mater
917 597 1078 637 virgoque,
1104 597 1162 629 sed
1186 597 1267 637 ipsis

389 642 514 675 Litibus
541 644 678 675 exclusis
704 652 740 675 se
763 644 852 683 pacis
877 645 918 675 ad
944 645 1052 676 oscula
1076 647 1214 678 vertunt.

388 691 452 724 Hic
476 693 593 722 natura
618 691 702 731 silet,
728 691 851 732 logicae
875 692 924 723 vis
950 692 1075 723 exsulat
1099 693 1211 733 omnis,

386 738 580 770 Rhetoricae
604 738 691 778 perit
714 738 882 770 arbitrium
907 739 1052 778 ratioque
1078 740 1218 772 vacillat.

328 788 358 820 5.
387 785 477 817 Haec
501 788 560 827 est,
587 794 667 825 quae
691 788 771 817 nutu
798 786 899 818 divini
923 787 1062 818 muneris
1087 796 1146 818 usu

386 832 472 864 Nata
497 835 621 872 patrem
644 835 816 873 natumque
840 842 956 873 parens
984 834 1139 874 concepit,
1165 834 1318 866 honorem

385 880 572 921 Virgineum
598 879 739 911 retinens
765 889 825 912 nec
848 881 987 920 perdens
1012 882 1083 913 iura
1106 882 1258 921 parentis.

384 928 475 960 Haec
500 930 550 959 est
574 928 669 959 stella
692 928 801 968 maris,
828 928 879 959 via
904 929 999 968 vitae,
1024 931 1118 968 porta
1142 929 1264 969 salutis,

388 975 513 1015 Regula
538 974 688 1015 iustitiae,
715 975 807 1006 limes
832 976 972 1015 pietatis,
999 976 1087 1016 origo

303 1024 358 1058 10.
386 1023 533 1063 Virtutis,
561 1022 671 1054 veniae
695 1025 799 1054 mater
822 1023 1044 1062 thalamusque
1067 1023 1211 1065 pudoris,

385 1070 509 1103 Hortus
536 1070 713 1111 conclusus,
740 1069 811 1101 fons
839 1070 1050 1110 consignatus,
1077 1070 1162 1102 oliva

385 1116 619 1158 Fructiffirans,
647 1118 761 1150 cedrus
785 1118 946 1157 redolens,
971 1117 1141 1157 paradisus
1166 1126 1309 1157 amoena,

385 1165 520 1205 virgula
544 1165 709 1208 pigmenti,
735 1165 860 1198 vinaria
885 1165 977 1205 cella,
1002 1165 1126 1205 liquore

387 1213 539 1245 Praedita
566 1212 704 1253 caelesti,
729 1215 841 1245 nectar
866 1213 1004 1244 caeleste
1028 1213 1213 1255 propinans,

302 1263 355 1296 15.
384 1260 502 1293 Nescia
527 1261 645 1301 spineti
669 1258 786 1292 florens
812 1269 894 1298 rosa,
921 1260 1030 1292 nescia
1053 1260 1175 1299 culpae,

384 1308 507 1349 Gratia,
535 1307 606 1340 fons
633 1316 747 1347 expers
771 1308 850 1350 limi,
876 1308 933 1340 lux
957 1307 1065 1339 nubila
1090 1308 1223 1351 pellens,

386 1357 466 1396 Spes
491 1356 625 1395 miseris,
652 1356 812 1388 medicina
836 1356 911 1395 reis,
938 1356 1039 1387 tutela
1063 1355 1177 1397 beatis,

385 1404 563 1443 Proscripti
586 1404 719 1443 reditus,
747 1403 868 1435 erranti
892 1403 1015 1442 semita,
1042 1403 1149 1434 lumen

384 1451 505 1492 Caenis,
534 1451 665 1483 deiectis
689 1451 829 1491 requies,
853 1451 1000 1490 pausatio
1025 1449 1129 1482 fessis.

299 1502 355 1535 20,
380 1499 470 1531 Haec
495 1501 553 1539 est,
580 1507 661 1539 quae
684 1498 805 1538 primos
831 1507 922 1530 casus
945 1498 1130 1537 primaeque
1153 1497 1297 1537 parentis

382 1546 548 1579 Abstersit
570 1547 726 1585 maculaS,
753 1546 882 1578 vincens
907 1546 1026 1578 virtute
1049 1547 1184 1583 reatum,

382 1594 499 1626 Diruta
523 1594 706 1631 restituens,
733 1594 874 1626 reddens
900 1593 1018 1635 ablata,
1044 1592 1224 1632 rependens

382 1642 525 1682 Perdita,
551 1644 734 1674 restaurans
760 1641 888 1683 amissa,
914 1641 1025 1681 fugata
1049 1649 1235 1680 repensans,

381 1691 459 1723 Post
483 1690 684 1729 vespertinos
710 1689 845 1729 gemitus
873 1698 956 1720 nova
979 1688 1097 1729 gaudia
1123 1688 1255 1727 donans,

296 1742 352 1773 25.
379 1737 460 1769 Post
483 1737 595 1769 mortis
620 1736 770 1770 tenebras
795 1737 875 1769 lucis
900 1736 1043 1768 novitate
1067 1736 1224 1767 relucens.

384 1785 482 1818 Cuius
507 1785 548 1817 ad
575 1785 748 1817 adventum
773 1784 859 1816 redit
884 1787 973 1816 aetas
997 1792 1095 1816 aurea
1115 1783 1244 1823 mundo,

380 1834 460 1866 Post
488 1831 605 1865 famem
628 1833 742 1874 pietaS,
769 1835 845 1872 post
870 1832 980 1873 culpas
1006 1832 1119 1872 gratia,
1145 1833 1247 1862 virtus

380 1882 460 1913 Post
482 1881 603 1923 vitium,
631 1890 696 1921 pax
720 1882 795 1920 post
819 1880 938 1920 odium,
965 1882 1039 1919 post
1061 1879 1155 1910 triste
1180 1879 1330 1911 iocosum.

382 1928 427 1961 Ut
450 1937 526 1960 rosa
550 1928 669 1971 spineti
694 1930 880 1968 compensat
903 1925 982 1959 flore
1008 1927 1155 1967 rigorem,

295 1978 350 2010 30.
377 1975 424 2009 Ut
449 1975 580 2008 dulcore
605 1985 662 2008 suo
687 1974 828 2008 fructum
853 1975 972 2008 radicis
998 1984 1126 2007 amarae

379 2024 500 2056 Ramus
526 2024 697 2064 adoptivus
722 2024 860 2062 redimit,
888 2023 936 2055 sic
961 2023 1092 2055 crimina
1118 2022 1229 2055 matris

380 2072 448 2105 Ista
474 2072 536 2103 luit
559 2074 757 2113 matremque
782 2070 863 2104 facit
887 2081 943 2104 sua
969 2074 1046 2103 nata
1070 2071 1205 2103 renasci.

198 2129 268 2158 Cod.
289 2129 411 2156 Lincen.
431 2126 533 2163 (Liber
553 2127 589 2155 de
608 2127 746 2156 laudibus
767 2125 873 2163 BMV.)
893 2127 934 2155 Cc
952 2127 1011 2155 VH
1031 2125 1058 2155 5.

540 2211 587 2243 99.
618 2210 664 2242 Ad
683 2211 811 2242 beatam
832 2211 965 2243 Mariam
986 2211 1020 2243 V.

535 2275 560 2308 O
588 2275 683 2307 enixa
707 2277 837 2315 praeter
861 2281 981 2306 morem

533 2323 636 2355 Maris
661 2323 757 2355 stella
781 2331 892 2356 verum
916 2321 1026 2362 solem,

535 2371 691 2405 Greatura
717 2373 902 2413 creatorem,

533 2419 631 2461 Virgo
655 2420 770 2463 Deum,
796 2419 888 2460 virga
911 2416 1034 2458 florem,

169 2483 297 2511 Dreves,
314 2481 360 2505 Pia
372 2481 520 2505 Dictamina.
549 2480 578 2504 V.
1229 2468 1264 2499 10
