1651 2700
702 123 934 158 -15.-

586 223 613 255 3.
645 225 691 256 Au
709 226 837 258 Beatam
858 225 986 257 Mariam
1006 226 1044 258 V.

167 301 225 333 1a.
253 298 450 340 Angelorum
480 313 690 345 supernorum
855 306 911 340 lb.
939 306 1117 345 Protulisti,
1149 314 1230 345 quac
1257 305 1371 344 vicisti,

251 348 446 388 Imperatrix
473 355 568 392 atque
594 352 700 386 datrix
936 353 1050 386 Mundi
1076 351 1185 385 florem
1211 357 1306 393 atque
1331 361 1445 391 rorem,

251 395 439 440 Salvatoris,
467 400 620 432 creatoris
937 401 1042 433 Mater
1066 401 1161 441 alma,
1190 401 1275 433 dicta
1298 400 1407 441 palma

300 444 501 479 Continentis
527 448 643 483 omnia.
983 450 1071 481 Iuste
1095 457 1193 488 super
1218 449 1333 481 omnia.

164 514 224 545 2a.
254 508 440 546 Balsamata
463 517 498 546 ut
525 522 558 546 es
583 518 669 555 nata,
853 516 910 549 2b.
937 516 1005 548 Nec
1030 525 1090 549 non
1118 516 1198 548 Sara
1230 524 1262 547 es
1288 515 1466 555 praeclara,

252 560 349 600 Virgo
375 564 476 601 grata,
505 571 538 594 es
565 567 677 595 vocata
940 564 1036 605 Virgo
1072 572 1269 604 praegnanS,
1313 571 1393 603 quae
1433 571 1466 594 es

250 608 289 640 In
314 608 465 640 honorem
491 613 585 649 atque
610 619 741 651 morem,
1239 619 1375 651 regnans

298 655 412 688 Noemi
441 657 666 697 pulcherrima.
935 660 1089 691 Mundum
1101 659 1208 699 istum,
1227 658 1359 700 gignens
1374 657 1466 690 Chri-

1238 709 1322 738 stum

980 755 1030 787 Tu
1054 755 1128 795 eris,
1154 755 1337 788 sacerrima.

166 819 226 851 321.
255 816 455 852 collaudaris
480 829 539 859 per
562 820 764 860 scripturam,
849 821 907 855 3b.
933 821 1003 853 Nec
1028 820 1166 854 formido
1193 820 1384 853 deformavit

252 865 399 898 Visitaris
425 876 484 906 per
508 867 677 908 picturam,
935 869 1004 901 Neo
1029 869 1129 908 caligo
1157 868 1333 901 diffamavit

248 915 427 947 Honoraris
453 924 512 955 per
536 916 744 957 sculpturam,
936 915 1019 958 [Nec
1044 914 1171 958 rubigo]
1198 920 1230 948 te
1256 912 1441 960 [foedavit],

297 962 395 1003 Virgo
426 961 621 1004 felicissima,
982 965 1105 1005 Regina
1125 964 1302 998 mitissima.

163 1031 225 1062 43..
254 1026 348 1062 Dona
370 1029 481 1061 bona
502 1029 596 1062 nobis
622 1030 701 1062 dare
848 1031 909 1064 4b.
936 1028 998 1072 En,
1025 1030 1152 1062 felicem
1176 1031 1382 1072 genetricem,

249 1076 299 1108 Tu
326 1076 477 1120 digneris,
503 1077 604 1118 virg0,
631 1079 715 1110 veris
935 1079 973 1111 In
997 1088 1060 1120 qua
1084 1078 1146 1109 ista
1169 1077 1305 1118 infinita,

248 1124 337 1164 Flos,
365 1134 503 1157 amare
527 1134 585 1157 nos
610 1129 642 1157 te
668 1127 760 1170 dona,
935 1127 1021 1167 Quae
1045 1126 1189 1167 quaesita
1212 1126 1246 1157 in
1270 1126 1331 1158 hac
1356 1125 1422 1157 vita

299 1172 389 1211 Quod
415 1174 501 1205 mala
525 1173 670 1208 vitemus.
983 1176 1067 1207 Vere
1090 1174 1264 1206 iuventutis

303 1248 669 1254 .......
982 1223 1077 1254 Anno
1102 1224 1238 1261 prosunt
1262 1221 1444 1255 senectutis.

164 1289 224 1320 5a.
251 1284 371 1320 Forma
393 1288 490 1328 plena
515 1290 548 1320 et
571 1297 694 1328 serena,
850 1290 908 1323 5b.
934 1291 1034 1322 Immo
1059 1289 1165 1331 gravis
1188 1289 1222 1320 in
1248 1289 1399 1328 moribus,‚

253 1334 365 1375 Longa
390 1336 502 1377 virtus,
529 1336 584 1375 pia
607 1340 741 1378 myrtus„
937 1338 984 1370 Ob
1011 1337 1095 1377 quod
1120 1337 1154 1368 in
1181 1338 1285 1377 campi
1309 1335 1442 1369 floribus

300 1384 490 1415 Humilitate
512 1384 630 1424 brevis,
983 1385 1102 1417 Merito
1127 1385 1281 1425 laudaris,

251 1431 444 1474 Concepisti,
473 1433 577 1464 mater
604 1432 733 1476 Christi,
983 1434 1085 1466 Immo
1111 1433 1206 1464 stella
1230 1433 1328 1464 maris

297 1478 468 1520 Christum,
493 1479 548 1520 qui
572 1489 635 1511 non
661 1480 751 1521 levis,
983 1482 1071 1513 Iuste
1101 1481 1305 1521 nuncuparis.

512 1548 543 1581 6.
570 1543 751 1581 Gloriosum
776 1548 818 1580 ad
843 1556 902 1579 nos
927 1548 1049 1580 vultum

617 1594 774 1628 Converte
798 1596 976 1635 speciosum

569 1640 886 1688 Splendentem[que]
912 1644 1056 1685 multum,

568 1690 635 1723 Nos
660 1694 696 1723 tu
722 1690 796 1725 fove
819 1700 940 1732 nosque
966 1701 1057 1724 move

616 1738 666 1771 De
691 1740 764 1772 lacu
785 1740 943 1773 miseriae.

230 1825 310 1853 Orat.
335 1833 388 1851 ms.
408 1825 590 1861 Tegurinum
611 1833 687 1853 saec.
710 1824 755 1853 15.
799 1825 872 1853 Olm.
892 1826 1046 1854 Monacen.
1070 1823 1177 1854 19353.
1200 1840 1235 1844 —
1255 1825 1307 1862 4a,
1329 1825 1347 1854 2
1362 1826 1442 1854 feris.

539 1975 568 2007 4.
600 1976 708 2009 Oratio
730 1977 767 2009 (le
788 1977 886 2009 Beata
905 1977 1048 2019 Virgine.

163 2066 195 2100 1.
221 2066 307 2098 Ante
331 2066 460 2098 thorum
485 2069 550 2100 tam
577 2068 727 2100 decorum
852 2069 884 2102 3.
911 2069 1009 2110 Virgo
1030 2068 1165 2110 prolem,
1191 2069 1286 2101 stella
1311 2068 1409 2101 solem

269 2114 411 2156 Virginis
440 2123 629 2159 puerperae,
960 2117 1084 2150 Mundo
1109 2126 1226 2149 novum
1252 2118 1366 2158 edidit,

219 2163 355 2204 Lingua,
382 2164 504 2203 prodas
527 2172 646 2196 novum
672 2164 750 2197 odas
911 2165 994 2199 Dum
1019 2165 1111 2198 fideli
1136 2164 1282 2198 Gabrieli

266 2210 393 2244 Mariae
424 2210 636 2246 christiferae.
958 2213 1129 2247 Nuntianti
1156 2213 1305 2246 credidit.

159 2281 191 2314 2.
219 2280 351 2313 Patrem
380 2282 458 2312 nata
481 2280 610 2313 illibata
852 2282 883 2314 4.
907 2282 971 2314 Res
998 2282 1116 2321 divina,
1142 2290 1206 2313 una
1230 2282 1325 2321 trina,

266 2328 344 2368 Ipsa
370 2329 490 2370 quippe
514 2330 635 2371 genuit,
957 2330 1059 2363 Utero
1083 2329 1295 2368 concluditur,

222 2376 316 2409 More
339 2378 420 2409 miro
443 2378 514 2410 sine
538 2378 608 2410 viro
911 2379 1070 2419 Virginali
1094 2377 1200 2410 forma
1223 2377 1280 2409 tali

268 2425 376 2459 Mater
401 2435 472 2459 esse
496 2427 624 2460 meruit.
959 2427 1048 2460 Deus
1074 2426 1167 2459 homo
1193 2425 1344 2467 gignitur.
