1651 2700
695 166 738 170 —
789 145 857 180 227

202 239 235 270 9.
263 237 353 281 Vale,
378 238 411 271 in
438 249 531 282 quam
558 240 691 274 caelitus

259 286 357 318 Venit
381 290 510 320 sanctus
536 289 677 329 spiritus.

174 381 229 414 10.
256 382 348 424 Vale,
375 392 457 423 quae
483 384 635 416 caelestia

255 429 353 471 Regis
379 433 412 462 et
432 432 610 464 terrestria.

172 524 227 557 11.
255 525 347 565 Vale,
373 534 432 566 per
457 535 552 566 quam
576 527 733 559 Dominus

254 572 408 605 Nostrum
436 574 523 606 delet
548 573 683 607 facinus.

172 668 229 700 12.
255 667 347 710 Vale,
374 668 441 701 vita
465 670 584 701 saeculi

252 715 298 747 Et
322 725 397 756 spes
423 725 500 749 vera
524 717 646 758 populi.

169 800 226 834 13.
253 801 343 842 Vale,
371 802 439 834 sole
465 802 582 834 clarior

252 849 359 889 Atque
384 850 460 881 luna
484 850 659 889 pulchrior.

168 933 223 966 14.
250 934 340 976 Vale,
364 935 437 974 plus
466 944 559 975 quam
584 935 685 967 lilium

251 982 398 1015 Candida
424 982 624 1015 convallium.

867 242 922 276 15.
951 241 1039 283 Vale,
1066 251 1193 282 semper
1216 241 1348 275 floribus

947 289 1108 322 Redolens
1133 299 1212 330 prae
1233 290 1387 324 omnibus.

864 385 919 420 16.
945 385 1036 427 Vale,
1062 386 1151 426 virgo
1175 386 1297 426 inclita,

945 432 1039 465 quta
1064 441 1188 465 crucem
1213 433 1328 474 posita.

862 527 916 559 17.
944 527 1032 570 Vale,
1061 528 1150 568 virgo
1175 527 1302 569 habilis,

942 574 1050 606 Mater
1072 575 1252 608 ineffabilis.

860 670 914 702 18.
941 669 1032 711 Vale,
1055 679 1152 710 super
1176 670 1306 702 aethera

856 802 908 835 19.

938 717 997 749 Pia
1021 721 1148 757 gestans
1172 718 1306 751 viscera.

936 802 1027 843 Vale,
1053 810 1149 843 super
1174 802 1276 835 omnia

939 850 1032 882 Omni
1059 850 1155 891 digna
1179 850 1289 891 gloria.

855 936 910 968 20.
937 935 1028 977 Vale,
1055 944 1135 975 quae
1159 935 1359 976 peccantium

938 982 1104 1015 Misereris
1130 983 1279 1016 omnium.

229 1076 309 1103 Orat.
336 1084 389 1103 ms.
413 1077 528 1104 Domus
552 1076 656 1104 Novae
682 1077 773 1104 Lucis
798 1077 869 1104 anni
898 1074 980 1103 1477.
1029 1074 1097 1104 Cod.
1124 1077 1310 1106 Ultraieetin.
1338 1076 1459 1113 Scriptt.

151 1112 233 1140 Eccl.
254 1111 319 1141 375.

591 1262 654 1294 182.
683 1263 728 1294 De
747 1263 843 1295 beata
862 1263 964 1294 Maria
984 1263 1020 1294 V.

164 1372 193 1404 1.
220 1372 313 1413 Veni,
342 1371 444 1404 dulcis
469 1372 583 1412 gratia,

269 1420 361 1452 Intra
386 1428 490 1451 meam
514 1422 663 1462 mentem,

221 1468 277 1500 Me
303 1467 492 1499 exhaustum
517 1467 607 1510 satia,

268 1515 464 1548 Demonstra
487 1517 520 1547 te
541 1517 752 1555 praesentem.

164 1604 196 1635 2.
223 1601 299 1634 Mea
324 1602 427 1633 lustra
453 1600 575 1641 intima,

267 1649 336 1681 Fac
361 1657 412 1680 me
437 1650 566 1690 gustare
587 1648 702 1690 Deum,

220 1697 313 1740 Veni,
340 1696 568 1736 amantissima,

265 1745 473 1786 Amplectere
498 1753 554 1777 cor
574 1753 689 1779 meum.

157 1832 189 1864 3.
215 1830 281 1864 Ubi
305 1833 395 1862 tanto
420 1833 576 1871 tempore,

264 1878 401 1918 Dilecta,
428 1886 480 1909 me
503 1878 625 1918 liquisti

215 1926 261 1959 Et
286 1926 327 1959 de
351 1934 421 1958 meo
445 1928 578 1966 pectore

265 1974 312 2007 Te
337 1983 436 2015 quare
460 1972 677 2006 subtraxisti?

155 2063 188 2095 4.
216 2061 300 2101 Scio,
325 2060 409 2101 quod
437 2059 608 2092 offenderis

260 2109 305 2142 Et
332 2109 428 2150 digne
453 2107 636 2149 offendaris,

209 2157 316 2190 Multa
340 2157 374 2189 in
398 2165 450 2189 me
474 2156 609 2200 reperis,

260 2205 326 2238 Pro
352 2205 466 2245 quibus
492 2203 649 2245 effugaris.

153 2295 184 2327 5.
212 2291 346 2333 Quando
370 2300 524 2332 praesens
550 2291 676 2332 aderas,

260 2340 307 2374 Te
332 2349 431 2381 quare
457 2338 669 2373 contristavi?

210 2389 345 2431 Quando
370 2389 484 2429 procul
510 2388 636 2428 aberas,

257 2438 305 2471 Te
330 2446 430 2478 quare
452 2446 515 2470 non
540 2435 676 2470 vocavi?

875 1373 905 1405 6.

843 2290 897 2325 10.

933 1372 978 1404 Et
1002 1372 1079 1412 quid
1105 1374 1163 1414 est,
1187 1371 1272 1412 quod
1297 1373 1424 1405 suavius

980 1419 1036 1451 Me
1060 1422 1170 1459 posset
1194 1419 1366 1461 oblectare,

932 1467 999 1499 Aut
1024 1467 1094 1507 quis
1120 1476 1208 1499 amor
1232 1467 1369 1507 amplius

979 1514 1036 1547 Me
1059 1518 1171 1555 posset
1191 1513 1398 1559 inflammare,

930 1600 1030 1639 Quam
1057 1602 1098 1645 tu,
1127 1610 1144 1632 o
1169 1599 1332 1641 melliflua,

977 1649 1045 1688 Qua
1069 1648 1150 1680 nihil
1174 1650 1238 1680 tam
1265 1649 1448 1689 iucundum,

929 1696 993 1728 Pro
1021 1695 1108 1728 cuius
1134 1696 1276 1728 amicitia

976 1744 1093 1776 Totum
1109 1753 1173 1776 non
1191 1753 1266 1777 curo
1283 1743 1462 1777 mundum?

928 1830 990 1862 Tui
1016 1829 1211 1862 desiderium

975 1878 1013 1910 In
1039 1878 1136 1910 corde
1163 1878 1236 1910 dum
1261 1878 1448 1923 subcrescit,

925 1925 1042 1958 Procul
1066 1926 1161 1968 pellit
1183 1926 1336 1965 taedium,

974 1974 1038 2007 Cor
1062 1974 1202 2014 gelidum
1228 1974 1386 2015 liquescit.

924 2059 991 2094 Ubi
1016 2061 1072 2091 tua
1096 2061 1237 2093 suavitas

972 2108 1010 2140 In
1035 2111 1142 2141 mente
1167 2117 1201 2140 se
1225 2109 1351 2151 locarit,

924 2155 974 2189 Ibi
1003 2164 1081 2189 vera
1103 2157 1220 2189 caritas

973 2203 1104 2237 Sincere
1128 2205 1232 2238 Deum
1257 2204 1353 2245 parit.

924 2291 949 2324 O
975 2298 1049 2323 rosa
1072 2291 1108 2324 in
1130 2290 1284 2331 martyrio

973 2338 1126 2372 Crucifixi
1150 2339 1219 2379 filii,

924 2387 948 2421 O
973 2387 1077 2419 lilium
1101 2384 1164 2432 (in)
1190 2384 1333 2426 virgineo

970 2435 1077 2467 Thero
1101 2433 1274 2476 puerperii.

1221 2487 1281 2517 125*
