1651 2700
688 126 948 162 —220—

175 227 230 260 25.
257 227 327 268 Ego
353 227 493 267 quinque
517 225 660 258 sensibus
858 223 913 256 26.
940 220 1048 254 Primo
1073 222 1180 252 tamen
1205 218 1309 252 fateor

307 274 426 307 Contra
449 277 482 306 te
506 272 638 313 peceavi
986 268 1043 299 Me
1067 268 1137 299 visu
1162 275 1323 308 peccasse,

257 321 303 354 Et
325 323 358 353 in
383 320 503 353 cunctis
534 319 692 351 mensibus
940 314 987 348 Ob
1013 315 1074 347 hoo
1098 317 1203 346 tamen
1229 313 1341 346 videor

306 369 416 401 Scelus
441 367 597 399 cumulavi
990 362 1140 395 Graviter
1165 369 1300 402 errasse,

258 416 302 449 Et
326 425 384 456 pro
408 415 459 446 his
483 413 666 446 excessibus
940 409 1048 442 Mater
1072 410 1162 449 virgo
1189 407 1318 448 Christi,

306 464 353 495 Te
377 465 512 494 matrem
537 460 637 501 oravi,
987 457 1144 489 Miserere
1166 456 1228 487 mei

259 510 309 543 Ne
332 518 383 543 me
406 510 516 541 tradas
541 506 693 550 hostibus,
946 528 1369 537 ........

307 558 389 596 Quos
409 564 536 596 semper
559 554 669 587 vitavi.
1006 576 1372 585 .......

527 612 584 645 27.
608 610 686 644 Mea
708 618 793 642 nnnc
815 609 1000 650 precamina

648 657 798 697 Digneris
822 657 944 695 audire,

601 705 798 746 Angelorum
821 703 957 743 domina,

648 752 713 785 Sed
738 761 809 785 eum
835 751 902 785 dies
925 751 996 783 irae

601 800 743 841 Venerit,
769 808 818 838 ne,
845 799 961 840 Maria,

650 848 821 880 Pennittas
849 856 900 878 me
927 845 1042 890 perire,

605 894 685 928 Cum
708 895 828 927 sanctis
851 895 885 926 in
911 894 1013 934 gloria

651 943 742 975 Tunc
764 951 816 974 me
838 941 982 975 introire.

598 999 684 1032 Laus
709 999 761 1039 sit,
788 998 923 1039 Christe,
946 1001 1064 1038 tamen,

650 1046 701 1078 Ne
726 1046 832 1086 patiar
856 1054 1038 1088 gravamen,

600 1094 739 1135 Propter
762 1097 852 1126 tuum
875 1093 1028 1133 solamen,

650 1141 754 1184 Virgo,
782 1141 896 1174 dicam.
944 1142 1059 1173 Amen.

245 1207 313 1235 Cod.
335 1207 538 1235 Vindobonen.
562 1204 647 1234 4314.
673 1215 748 1234 saec.
778 1204 821 1233 15.
848 1220 887 1225 —
911 1203 943 1239 5,
967 1204 984 1233 5
1005 1206 1048 1234 Ut
1073 1207 1142 1241 post
1165 1205 1229 1233 hoc.
1259 1219 1291 1225 —
1322 1203 1371 1238 10,
1393 1203 1411 1233 5
1431 1204 1479 1232 Sis

169 1245 256 1273 nobis
277 1248 396 1273 aeterna
415 1246 508 1280 quies.
527 1260 565 1264 —
586 1242 631 1278 10,
652 1242 670 1272 6
688 1244 911 1272 Misericordiae
933 1244 1085 1271 advocata.
1104 1259 1135 1263 —-
1163 1242 1208 1277 11,
1229 1242 1247 1271 5
1265 1243 1357 1270 Porta
1375 1243 1479 1270 clausa

169 1283 333 1311 Gabrielis-
360 1283 467 1310 miisste
493 1284 669 1318 wenigstens
689 1281 855 1310 Ezechielis
880 1281 1003 1310 heissen.
1023 1295 1061 1301 —
1083 1280 1127 1316 11,
1148 1280 1165 1308 7
1185 1281 1232 1309 Tu
1250 1282 1315 1308 flos.
1335 1295 1371 1300 —
1394 1278 1438 1314 11,
1459 1278 1477 1308 8

167 1322 271 1349 Matris
298 1322 375 1348 audi.
400 1336 420 1340 -
438 1335 439 1339 =
459 1319 503 1354 12,
524 1319 543 1347 2
560 1320 725 1348 Tuoandor.
745 1334 784 1339 —
803 1318 849 1355 12,
870 1318 888 1348 3
907 1320 1009 1347 Virtus
1028 1321 1248 1355 temperantiae.
1270 1333 1307 1337 —
1328 1316 1374 1352 12,
1393 1318 1414 1347 4
1430 1319 1478 1346 Tu

167 1368 229 1387 vas.
248 1375 285 1379 —
308 1357 351 1393 13,
372 1357 389 1386 5
409 1359 466 1387 Dei
485 1358 618 1386 formula.
639 1372 676 1376 —
699 1355 741 1392 13,
763 1356 782 1386 8
803 1358 853 1386 Sic
872 1359 962 1386 solve.
982 1372 1021 1377 —
1042 1355 1085 1391 15,
1107 1356 1125 1385 5
1146 1358 1229 1395 virgo
1250 1357 1424 1385 clarissima.
1438 1371 1476 1375 —

169 1396 213 1431 17,
233 1395 253 1424 4
274 1397 422 1425 Inhonoro
443 1396 537 1424 dictis.
558 1411 595 1416 -—
614 1394 661 1429 25,
682 1395 701 1424 4
720 1397 814 1424 scelus
832 1396 988 1424 haesitavi.
1008 1411 1047 1415 —
1065 1393 1112 1430 27,
1133 1394 1151 1422 5
1174 1404 1212 1423 ne
1231 1395 1311 1423 fehlt.
1333 1409 1370 1415 -—
1389 1393 1437 1429 27,
1456 1393 1475 1422 6

167 1435 230 1463 Nec
247 1436 408 1471 permittas.
428 1450 467 1455 —
487 1432 532 1468 27,
548 1432 567 1462 8
587 1443 633 1462 me
652 1434 732 1462 fehlt.

608 1543 668 1575 170.
697 1543 742 1575 De
760 1544 856 1575 beata
875 1543 977 1575 Maria
996 1543 1032 1575 V.

564 1613 738 1653 Triumphe
763 1614 1039 1658 triumphatorum,

565 1660 692 1693 Corona
716 1666 948 1703 coronatorum,

567 1707 678 1740 Gloria
699 1708 906 1750 gloriosorum

565 1755 644 1787 Post
670 1755 840 1788 Dominum
867 1757 1074 1796 dominorum,

565 1813 634 1845 Fae
656 1822 715 1845 nos
740 1821 817 1845 auro
840 1814 995 1858 puriores,

568 1859 636 1892 Fac
661 1868 719 1892 nos
744 1861 875 1901 gemmis
901 1862 1051 1901 cariores,

569 1906 637 1939 Fac
657 1917 715 1940 nos
734 1908 836 1941 stellis
858 1908 1020 1952 clariores,

571 1954 640 1987 Fac
662 1965 720 1988 nos
743 1956 889 1996 paradisi
912 1954 1017 1990 fiores.

247 2018 316 2047 Coa.
336 2020 456 2048 Trecen.
475 2019 525 2055 (ol.
547 2018 747 2057 Claravallen)
767 2019 850 2049 1612.
874 2030 943 2050 saec
962 2021 1007 2050 15.

614 2130 668 2163 171.
701 2132 745 2163 De
764 2132 862 2164 beata
880 2132 981 2165 Maria
1001 2133 1037 2164 V.

186 2203 217 2236 1.
243 2201 323 2234 Vale
349 2200 456 2233 dicant
479 2201 596 2242 virgini
925 2204 984 2244 Qui
1011 2205 1131 2237 creavit
1155 2205 1270 2246 omnia,

245 2249 360 2282 Omnes
384 2248 467 2280 servi
491 2248 630 2291 Domini,
927 2252 1067 2292 Caelum,
1093 2255 1223 2297 terram,
1250 2254 1360 2299 maria,

294 2296 400 2330 Natus
424 2298 474 2328 est
498 2305 538 2328 ex
560 2296 686 2337 virgine
974 2300 1110 2333 Carnem
1131 2305 1275 2333 nostram
1298 2302 1416 2344 induit,

292 2343 368 2377 Sine
392 2343 454 2376 viri
477 2344 598 2376 semine
974 2347 1109 2380 Suorum
1136 2357 1206 2381 cum
1231 2350 1333 2382 voluit

344 2392 451 2432 Pater,
478 2394 603 2424 creator
626 2393 773 2427 omnium.
1026 2396 1176 2428 Misereri
1198 2396 1352 2433 fidelium,
