1651 2700
641 114 903 150 —203—

562 214 626 248 156.
656 214 700 247 De
719 216 816 248 beata
834 216 937 248 Maria
955 216 992 248 V.

132 369 166 402 1.
192 368 299 412 Salve,
325 370 416 411 virgo
441 369 624 412 fecundata,

192 417 286 450 Omni
312 417 396 450 dono
420 418 624 459 praedotata,

193 463 314 497 Christi
338 466 443 497 mater
467 465 603 507 illibata,

243 508 368 556 [Virgo]
392 512 606 553 venerabilis3

196 559 304 602 Salve,
331 560 429 592 decus
456 560 624 602 castitatis,

193 606 314 640 Forma
337 608 439 639 mirae
464 608 656 647 sanctitatis,

196 655 284 688 Fons
308 654 475 695 perfectae
499 656 640 697 pietatis,

243 702 270 735 Ο
296 711 349 735 res
374 702 585 736 admirabilis.

136 762 169 795 2,
194 759 300 801 Salve,
326 759 421 792 stella
446 761 612 801 matutina,

195 807 309 840 Dulcis
336 808 421 840 vitae
445 807 616 849 medicina,

196 855 343 890 Vernaus
369 863 444 888 rosa
466 855 536 887 sine
557 855 661 897 spina,

244 902 345 943 Virga
367 903 457 935 Iesse
481 900 615 944 florida3

197 950 304 991 Salve,
330 949 443 982 mundi
468 950 674 991 consolatrix,

198 999 398 1039 Angelorum
422 997 624 1039 imperatrix,

199 1045 249 1079 Tu
273 1044 436 1078 labentum
462 1044 672 1086 sublevatrix,

246 1093 358 1127 Corda
382 1090 492 1138 [sana]
518 1093 679 1126 morbida.

142 1266 175 1300 1.
202 1264 326 1304 Gaude,
353 1266 476 1305 sancta,
503 1264 558 1297 lux
586 1264 662 1306 diei,

197 1312 326 1346 Memor
350 1315 419 1345 esto
444 1321 573 1354 semper
597 1313 655 1354 rei,

201 1360 381 1394 Benedicta
405 1363 510 1393 mater
534 1360 607 1402 Dei,

248 1409 274 1441 Ο
299 1417 441 1449 superna
470 1408 617 1451 domina3

201 1456 325 1497 Gaude,
352 1458 473 1499 sancta,
501 1454 573 1488 fons
599 1455 727 1495 amoris,

198 1503 286 1537 Fons
311 1503 436 1547 salutis,
460 1503 532 1536 fons
559 1502 711 1544 dulcoris,

199 1552 297 1587 Alma
320 1555 426 1584 mater
449 1551 675 1593 redemptoris,

247 1600 353 1640 Terge
378 1602 494 1632 cuncta
519 1599 663 1633 crimina.

138 1659 171 1693 2.
200 1658 323 1699 Gaude,
350 1659 472 1699 sancta,
499 1659 534 1688 tu
560 1657 687 1699 decora,

195 1705 274 1740 Plus
287 1705 516 1748 splendescens
525 1713 618 1745 quam
628 1713 755 1746 aurora,

195 1755 276 1787 Iuva
300 1762 358 1787 nos
381 1754 416 1786 in
440 1753 553 1786 mortis
576 1754 665 1794 hora,

245 1801 335 1834 Caeli
356 1801 576 1842 luminarium,

137 1975 171 2010 1.
198 1974 289 2015 Vale,
312 1973 405 2006 verbi
429 1972 492 2004 Dei
518 1973 609 2016 cella,

198 2021 294 2056 Orbis
320 2019 437 2063 fulgor,
462 2021 560 2054 maris
586 2020 691 2062 stella,

198 2071 300 2104 Serva
322 2072 396 2102 tuos
421 2078 441 2101 a
465 2069 610 2110 procella

242 2117 360 2151 Mundi
383 2117 477 2150 huius
502 2117 617 2157 noxia3

194 2166 354 2201 Mundum
378 2165 485 2207 pingis
509 2165 591 2197 miro
616 2163 705 2204 flore,

194 2216 326 2249 Florem
352 2213 442 2255 paris
466 2212 548 2246 miro
569 2221 669 2256 more,

194 2264 298 2305 Virgo
322 2271 455 2295 manens
482 2270 554 2294 cum
577 2261 703 2303 pudore

241 2311 328 2346 Novi
352 2309 441 2343 floris
462 2310 579 2352 gratia.

753 1895 816 1929 III.

822 374 854 406 3.
881 371 986 413 Salve,
1013 380 1129 412 parens
1155 380 1271 413 expers
1296 373 1394 412 paris,

880 420 984 452 Iesum
1006 419 1167 453 Christum
1192 419 1310 451 mundo
1330 420 1431 459 paris,

882 466 1027 499 Clemens
1054 467 1153 507 virgo,
1181 466 1350 506 singularis

926 513 1110 547 Protectrix
1134 514 1319 557 humilium3

882 561 907 594 Ο
933 561 1050 604 Maria,
1078 561 1158 594 caeli
1183 564 1287 604 porta,

881 608 928 641 Te
952 617 1134 651 precamur,
1159 618 1218 642 nos
1242 611 1408 650 supporta,

882 656 945 689 Per
970 665 1064 696 quam
1082 657 1200 689 mundo
1216 657 1272 689 lux
1290 659 1337 688 est
1355 659 1435 698 orta,

932 703 1017 736 Vera
1040 704 1127 736 salus
1152 704 1303 737 omnium.

848 785 856 793 .
883 761 908 793 Ο
931 769 1010 802 prae
1035 762 1157 793 cunctis
1182 762 1332 804 gratiosa,

884 808 990 848 Magis
1013 818 1106 849 quam
1130 810 1180 841 sol
1202 809 1370 851 luminosa,

885 856 993 888 Mater
1019 856 1085 888 eius
1110 865 1274 898 generosa,

934 903 993 942 Qui
1016 903 1138 937 creavit
1162 905 1284 944 omnia;

887 950 936 982 Tu
962 952 1121 983 caelorum
1146 960 1223 983 vera
1248 952 1359 994 clavis,

887 997 990 1029 Huius
1014 998 1125 1031 mundi
1149 1002 1219 1031 tuta
1242 999 1343 1040 navis,

888 1046 973 1078 Vere
996 1045 1083 1077 mitis
1108 1054 1146 1078 ac
1170 1046 1288 1088 suavis,

937 1091 1041 1126 Aufer
1065 1101 1148 1125 nunc
1171 1093 1366 1133 peccamina.

887 1264 932 1297 Et
956 1273 976 1296 a
999 1263 1102 1305 nobis,
1128 1264 1235 1297 lumen
1261 1266 1391 1307 clarum,

887 1311 978 1353 Fuga
1002 1314 1127 1344 noctem
1151 1312 1368 1355 tenebrarum,

887 1359 980 1392 Tolle
1004 1360 1116 1392 sordes
1142 1359 1330 1393 offensarum

933 1407 1012 1441 Post
1033 1415 1186 1446 praesens
1212 1408 1371 1442 exsilium.

853 1489 859 1498 ,
888 1464 1011 1506 Gaude,
1037 1468 1158 1506 sancta,
1185 1467 1253 1497 tota
1277 1467 1406 1507 munda,

885 1512 985 1552 Virgo
1009 1521 1142 1544 manens
1167 1522 1206 1544 ac
1228 1511 1376 1554 fecunda,

886 1560 1023 1592 Prorsus
1047 1569 1105 1593 nos
1126 1560 1304 1593 immundos
1323 1561 1442 1594 munda

935 1606 1056 1640 Gaecos
1081 1610 1114 1639 et
1136 1608 1301 1649 illumina,

888 1654 1020 1688 Gemma
1045 1656 1132 1688 clara
1154 1656 1333 1698 mulierum,

886 1703 975 1743 Quae
996 1704 1126 1736 lactasti
1150 1712 1257 1745 regem
1282 1712 1402 1747 regum,

886 1751 944 1784 Pie
968 1753 1070 1783 totum
1095 1750 1168 1784 fove
1193 1751 1313 1784 clerum

934 1798 1077 1834 Caritate
1101 1800 1237 1841 gemina.

852 1998 860 2006 .
885 1971 995 2004 Mater
1018 1971 1103 2013 regis
1126 1973 1157 2002 et
1181 1971 1294 2012 regina

885 2067 936 2099 De
960 2068 1116 2100 malorum
1140 2076 1199 2100 nos
1224 2068 1350 2101 sentina

933 2116 1060 2148 Perduc
1087 2116 1129 2148 ad
1156 2116 1324 2156 caelestia3

885 2164 968 2197 Dele
994 2164 1114 2208 culpas,
1142 2172 1161 2195 0
1185 2164 1302 2206 Maria,

883 2211 987 2244 Deum
1012 2212 1106 2253 placa
1130 2220 1228 2252 prece
1250 2211 1314 2252 pia,

883 2260 948 2292 Per
971 2262 1004 2292 te
1028 2259 1121 2292 nobis
1147 2259 1241 2292 detur
1262 2259 1315 2291 via

931 2308 985 2341 Ad
1010 2310 1142 2341 aeterna
1167 2306 1293 2348 gaudia.

198 2380 280 2408 orat.
307 2386 362 2406 ms.
386 2378 501 2406 Domus
528 2377 633 2406 Novae
657 2376 748 2404 Lucis
774 2375 845 2402 anni
873 2372 956 2402 1477.
1005 2373 1075 2402 Ood.
1106 2372 1292 2402 Ultraiectin.
1322 2371 1441 2410 Seriptt.

118 2418 202 2449 Emi.
221 2415 290 2447 3¹35.
