1651 2700
647 141 883 177 -35-

152 262 158 269 .
186 234 361 277 Naufragis
388 237 518 279 tabella,

184 284 306 316 Manna
332 285 411 318 dans
437 287 588 327 capsella,

230 332 398 374 Templum
425 335 527 366 sancti
552 335 684 375 spiritus

185 379 347 411 Virtutum
379 382 520 424 castella,

188 427 297 470 Bases,
326 429 479 469 capitella

233 475 337 508 Tenes
361 477 395 508 in
419 479 453 509 te
476 478 613 517 penitus.

151 559 159 566 .
186 533 319 572 virgula
344 534 473 574 tenella,

187 580 380 613 Permanens
405 582 513 621 puella

685 361 694 379 7

234 629 313 661 Post
333 632 461 670 partum
487 632 518 661 et
543 631 701 671 primitus,

187 676 287 709 Sacra
311 686 369 716 per
392 677 514 709 labella

184 724 304 757 Natum
327 725 501 765 interpella

230 773 295 804 Pro
320 772 412 804 nobis
437 772 632 805 medullitus.

148 948 155 954 .
182 925 263 964 Ave,
290 924 385 957 stella
408 925 517 966 maris,

185 973 286 1012 Virgo
312 973 493 1013 singularis,

230 1021 308 1053 Flos
332 1023 364 1052 et
387 1020 491 1053 forma
513 1021 682 1061 virginum,

184 1070 214 1100 A
238 1068 307 1100 Deo
334 1069 473 1109 donaris,

183 1116 266 1148 Esse
295 1116 512 1157 comprobaris

234 1165 319 1197 Vera
342 1165 428 1196 salus
453 1164 625 1197 hominum.

150 1246 158 1254 .
182 1221 225 1253 Se
252 1231 311 1261 pro
337 1222 402 1253 suis
429 1222 512 1253 caris

185 1269 284 1311 Lapis
310 1269 471 1310 angularis

232 1317 328 1349 Mons
352 1315 472 1349 infudit
498 1317 668 1349 culminum

186 1365 322 1397 Sedibus
347 1365 522 1405 praeclaris

186 1413 300 1444 Ventri
323 1413 476 1452 puellaris

232 1461 330 1492 Velut
352 1460 486 1492 imbrem
512 1460 698 1500 graminum.

150 1546 156 1552 .
184 1518 332 1558 Goncipis
362 1520 395 1549 et,
417 1518 506 1558 paris

183 1565 259 1598 Sine
283 1568 371 1598 tactu
391 1566 489 1597 maris

231 1614 349 1654 Regem
374 1612 610 1653 fortitudinum,

182 1664 212 1694 A
239 1671 299 1703 quo
325 1666 359 1693 tu
386 1662 515 1702 crearis,

184 1710 271 1749 Quae
294 1711 366 1750 ipsa
389 1710 516 1741 miraris

228 1758 358 1791 Florem
383 1758 667 1799 pulchritudinum.

146 1841 153 1849 .
180 1817 305 1857 Regina
325 1816 461 1857 vocaris,

183 1864 316 1897 Gemma
342 1864 516 1896 declararis

232 1912 449 1953 Supernorum
474 1912 633 1954 ordinum,

182 1961 312 2001 Ubique
335 1960 489 2002 laudaris,

180 2008 340 2051 Splendor
370 2008 568 2048 praedicaris

229 2057 402 2090 Beatorum
426 2056 597 2097 agminum.

146 2229 153 2236 .
180 2202 282 2235 Stella
303 2202 412 2243 maris,
438 2210 508 2241 ave,

180 2250 319 2283 Germen
343 2253 410 2282 tarn
434 2259 532 2283 suave

224 2299 275 2331 De
298 2299 386 2331 Iesse
410 2299 633 2341 progrediens,

179 2347 244 2380 Sed
268 2347 373 2388 plebis
396 2348 531 2389 ignavae

177 2396 229 2429 De
252 2394 330 2428 felle
354 2396 488 2437 spinave

225 2444 283 2477 Nil
306 2445 433 2477 omnino
460 2445 600 2485 capiens,

745 859 789 892 II.

738 2134 800 2168 ΙΙΙ.

813 242 843 275 5.

869 240 918 272 Tu
943 248 1002 280 pro
1026 238 1118 271 nobis
1142 238 1223 270 bella

869 289 1022 320 Potenter
1049 286 1184 327 debella,

916 335 1128 375 Malignorum
1154 332 1308 375 fremitus,

870 383 948 416 Plue
973 383 1060 422 pacis
1086 382 1191 422 mella,

868 430 936 463 Fac
959 431 1077 470 pedum
1101 429 1243 461 scabella

915 479 1028 511 Pulsos
1051 478 1157 509 hostes
1181 475 1335 508 funditus.

834 561 842 568 .
867 536 952 568 Tuos
976 544 1034 567 nos
1059 534 1196 574 appella,

868 584 938 615 Tua
961 582 1019 614 sub
1041 582 1160 614 ascella

914 630 1006 662 Huni
1030 632 1155 661 nostros
1180 629 1302 668 obitus3

865 679 945 721 Ave,
971 678 1068 710 maris
1093 677 1197 716 stella,

869 725 934 758 Sed
958 734 1037 766 prae
1061 725 1165 758 stellis
1190 724 1276 756 bella

918 773 979 805 Per
1005 773 1163 805 caelorum
1189 772 1336 804 ambitus.

869 926 998 957 Aurora
1022 926 1146 965 solaris,

869 975 958 1005 Aura
982 973 1141 1014 salutaris,

917 1021 1053 1053 Noctem
1076 1021 1162 1060 pelle
1185 1021 1361 1060 crimmum,

868 1069 1019 1108 Quotiens
1043 1068 1177 1108 rogaris„

868 1116 914 1149 Ut
938 1116 1129 1156 miserearIs,

917 1164 967 1196 Ne
992 1166 1157 1204 exspectes
1183 1164 1367 1197 crastinum.

836 1247 841 1253 .
868 1222 982 1254 Pravis
1008 1224 1040 1252 et
1062 1221 1181 1261 ignaris

869 1269 912 1302 Et
936 1270 968 1300 in
993 1269 1077 1300 bono
1102 1269 1184 1301 raris

914 1317 1015 1349 Preee
1039 1317 1132 1356 placa
1155 1316 1336 1356 Dominum,

870 1364 983 1397 Gratia
1007 1365 1131 1405 ditaris,

867 1412 914 1445 Ut
941 1412 1121 1444 exaudiaris

916 1460 1011 1492 quta
1034 1468 1155 1491 morem
1178 1458 1357 1498 pristinum.

867 1517 1007 1556 Lampas
1034 1516 1208 1556 specularis

870 1565 990 1599 Summi
1017 1564 1194 1605 luminaris,

916 1614 1007 1644 Vena
1030 1611 1128 1644 fontis
1150 1612 1315 1651 luminum,

865 1661 944 1702 Fac,
971 1664 1006 1692 ut
1029 1660 1149 1692 tuearis

869 1712 898 1742 A
922 1709 1034 1749 poenis
1059 1709 1176 1740 amaris

916 1757 1010 1791 Vitae
1033 1760 1162 1789 nostrae
1186 1757 1366 1788 terminum.

867 1815 987 1856 Quibus
1009 1814 1208 1856 memoraris,

866 1863 945 1904 Fac,
970 1865 1007 1895 ut
1029 1862 1170 1895 videaris

915 1913 955 1944 In
979 1919 1076 1952 regno
1104 1910 1319 1953 dulcedinum,

868 1961 949 2001 Ave,
978 1959 1074 1991 stella
1097 1959 1194 1991 maris

869 2008 914 2041 Et
937 2016 1016 2048 prae
1040 2007 1142 2039 stellis
1169 2007 1263 2038 claris

916 2056 1013 2089 Iubar
1037 2056 1275 2088 claritudinum.

868 2202 959 2235 Evae
982 2201 1130 2233 damnum
1155 2209 1233 2232 rave

869 2250 1066 2283 Restaurans
1091 2257 1151 2289 per
1176 2257 1244 2289 ave,

916 2298 1054 2331 Luctum
1077 2298 1167 2330 Evae
1192 2296 1348 2339 nesciens,

867 2347 914 2379 At
936 2347 1023 2378 intra
1046 2346 1196 2378 conclave

865 2396 946 2427 Tam
969 2394 1144 2426 iucundum
1168 2401 1227 2424 ave

918 2443 1077 2476 Gabrielis
1103 2441 1246 2474 audiens.

1211 2496 1252 2526 3*
