<?xml version="1.0" encoding="UTF-8"?>
<!DOCTYPE html PUBLIC "-//W3C//DTD XHTML 1.0 Transitional//EN"
    "http://www.w3.org/TR/xhtml1/DTD/xhtml1-transitional.dtd">
<html xmlns="http://www.w3.org/1999/xhtml" xml:lang="en" lang="en">
 <head>
  <title>
</title>
<meta http-equiv="Content-Type" content="text/html;charset=utf-8" />
  <meta name='ocr-system' content='tesseract 3.04.00' />
  <meta name='ocr-capabilities' content='ocr_page ocr_carea ocr_par ocr_line ocrx_word'/>
</head>
<body>
  <div class='ocr_page' id='page_1' title='image "./analectahymnica32drevuoft_00129.png"; bbox 0 0 1651 2700; ppageno 0'>
   <div class='ocr_carea' id='block_1_1' title="bbox 716 163 975 198">
    <p class='ocr_par' dir='ltr' id='par_1_1' title="bbox 716 163 975 198">
     <span class='ocr_line' id='line_1_1' title="bbox 716 163 975 198; baseline 0 0"><span class='ocrx_word' id='word_1_1' title='bbox 716 163 880 198; x_wconf 85' lang='lat'>-126</span> <span class='ocrx_word' id='word_1_2' title='bbox 936 184 975 189; x_wconf 92' lang='lat'>—</span> 
     </span>
    </p>
   </div>
   <div class='ocr_carea' id='block_1_2' title="bbox 310 261 765 443">
    <p class='ocr_par' dir='ltr' id='par_1_2' title="bbox 311 261 752 343">
     <span class='ocr_line' id='line_1_2' title="bbox 312 261 752 303; baseline -0.007 -8"><span class='ocrx_word' id='word_1_3' title='bbox 312 263 438 296; x_wconf 85' lang='lat' dir='ltr'>Strictis</span> <span class='ocrx_word' id='word_1_4' title='bbox 463 262 576 295; x_wconf 81' lang='lat' dir='ltr'>tenebo</span> <span class='ocrx_word' id='word_1_5' title='bbox 598 261 752 303; x_wconf 85' lang='lat' dir='ltr'>manibus,</span> 
     </span>
     <span class='ocr_line' id='line_1_3' title="bbox 311 308 708 343; baseline -0.008 0"><span class='ocrx_word' id='word_1_6' title='bbox 311 312 395 343; x_wconf 80' lang='lat' dir='ltr'>Altis</span> <span class='ocrx_word' id='word_1_7' title='bbox 421 310 555 342; x_wconf 88' lang='lat' dir='ltr'>dicendo</span> <span class='ocrx_word' id='word_1_8' title='bbox 580 308 708 341; x_wconf 82' lang='lat' dir='ltr'>vocibus</span> 
     </span>
    </p>

    <p class='ocr_par' dir='ltr' id='par_1_3' title="bbox 310 356 765 443">
     <span class='ocr_line' id='line_1_4' title="bbox 314 356 765 397; baseline -0.007 -8"><span class='ocrx_word' id='word_1_9' title='bbox 314 358 391 390; x_wconf 86' lang='lat' dir='ltr'>Cum</span> <span class='ocrx_word' id='word_1_10' title='bbox 415 357 551 397; x_wconf 84' lang='lat' dir='ltr'>ingentis</span> <span class='ocrx_word' id='word_1_11' title='bbox 578 356 765 389; x_wconf 85' lang='lat' dir='ltr'>clamoribus</span> 
     </span>
     <span class='ocr_line' id='line_1_5' title="bbox 310 403 762 443; baseline -0.004 -6"><span class='ocrx_word' id='word_1_12' title='bbox 310 406 360 437; x_wconf 88' lang='lat' dir='ltr'>Ac</span> <span class='ocrx_word' id='word_1_13' title='bbox 383 405 558 437; x_wconf 81' lang='lat' dir='ltr'>lacrimosis</span> <span class='ocrx_word' id='word_1_14' title='bbox 583 403 762 443; x_wconf 88' lang='lat' dir='ltr'>planctibus</span> 
     </span>
    </p>
   </div>
   <div class='ocr_carea' id='block_1_3' title="bbox 230 450 795 489">
    <p class='ocr_par' dir='ltr' id='par_1_4' title="bbox 230 450 795 489">
     <span class='ocr_line' id='line_1_6' title="bbox 230 450 795 489; baseline -0.002 -5"><span class='ocrx_word' id='word_1_15' title='bbox 230 453 284 485; x_wconf 86' lang='lat'>95.</span> <span class='ocrx_word' id='word_1_16' title='bbox 310 452 355 484; x_wconf 85' lang='lat' dir='ltr'>Et</span> <span class='ocrx_word' id='word_1_17' title='bbox 379 460 447 484; x_wconf 89' lang='lat' dir='ltr'>cum</span> <span class='ocrx_word' id='word_1_18' title='bbox 475 451 561 483; x_wconf 88' lang='lat' dir='ltr'>duris</span> <span class='ocrx_word' id='word_1_19' title='bbox 587 450 795 489; x_wconf 82' lang='lat' dir='ltr'><strong>singultibus:</strong></span> 
     </span>
    </p>
   </div>
   <div class='ocr_carea' id='block_1_4' title="bbox 206 497 790 1201">
    <p class='ocr_par' dir='ltr' id='par_1_5' title="bbox 206 497 790 1201">
     <span class='ocr_line' id='line_1_7' title="bbox 312 497 683 536; baseline -0.011 -4"><span class='ocrx_word' id='word_1_20' title='bbox 312 499 336 531; x_wconf 97' lang='grc' dir='ltr'>Ο</span> <span class='ocrx_word' id='word_1_21' title='bbox 362 499 467 531; x_wconf 88' lang='lat' dir='ltr'>Maria</span> <span class='ocrx_word' id='word_1_22' title='bbox 492 497 683 536; x_wconf 83' lang='lat' dir='ltr'>dulcissima,</span> 
     </span>
     <span class='ocr_line' id='line_1_8' title="bbox 313 546 658 587; baseline -0.009 -8"><span class='ocrx_word' id='word_1_23' title='bbox 313 546 337 578; x_wconf 95' lang='lat' dir='ltr'>O</span> <span class='ocrx_word' id='word_1_24' title='bbox 360 546 465 578; x_wconf 86' lang='lat' dir='ltr'>Maria</span> <span class='ocrx_word' id='word_1_25' title='bbox 487 546 658 587; x_wconf 81' lang='lat' dir='ltr'>carissima,</span> 
     </span>
     <span class='ocr_line' id='line_1_9' title="bbox 310 591 728 635; baseline -0.002 -10"><span class='ocrx_word' id='word_1_26' title='bbox 310 593 438 625; x_wconf 84' lang='lat' dir='ltr'>Adiuva</span> <span class='ocrx_word' id='word_1_27' title='bbox 462 601 520 635; x_wconf 90' lang='lat' dir='ltr'>me,</span> <span class='ocrx_word' id='word_1_28' title='bbox 547 602 565 624; x_wconf 90' lang='lat' dir='ltr'>o</span> <span class='ocrx_word' id='word_1_29' title='bbox 592 591 728 632; x_wconf 88' lang='lat' dir='ltr'>domina,</span> 
     </span>
     <span class='ocr_line' id='line_1_10' title="bbox 312 639 738 681; baseline -0.002 -9"><span class='ocrx_word' id='word_1_30' title='bbox 312 640 467 672; x_wconf 86' lang='lat' dir='ltr'>Succurre</span> <span class='ocrx_word' id='word_1_31' title='bbox 491 640 567 670; x_wconf 90' lang='lat' dir='ltr'>mihi</span> <span class='ocrx_word' id='word_1_32' title='bbox 592 639 738 681; x_wconf 83' lang='lat' dir='ltr'>miserae,</span> 
     </span>
     <span class='ocr_line' id='line_1_11' title="bbox 208 685 736 726; baseline -0.004 -6"><span class='ocrx_word' id='word_1_33' title='bbox 208 687 282 720; x_wconf 88' lang='lat'>100.</span> <span class='ocrx_word' id='word_1_34' title='bbox 308 687 464 719; x_wconf 86' lang='lat' dir='ltr'>Succurre</span> <span class='ocrx_word' id='word_1_35' title='bbox 487 687 564 718; x_wconf 91' lang='lat' dir='ltr'>mihi</span> <span class='ocrx_word' id='word_1_36' title='bbox 588 685 736 726; x_wconf 78' lang='lat' dir='ltr'>perditae</span> 
     </span>
     <span class='ocr_line' id='line_1_12' title="bbox 310 733 709 775; baseline 0 -9"><span class='ocrx_word' id='word_1_37' title='bbox 310 734 355 766; x_wconf 89' lang='lat' dir='ltr'>Et</span> <span class='ocrx_word' id='word_1_38' title='bbox 379 733 444 765; x_wconf 89' lang='lat' dir='ltr'>noli</span> <span class='ocrx_word' id='word_1_39' title='bbox 468 742 518 765; x_wconf 89' lang='lat' dir='ltr'>me</span> <span class='ocrx_word' id='word_1_40' title='bbox 544 733 709 775; x_wconf 84' lang='lat' dir='ltr'>despicere</span> 
     </span>
     <span class='ocr_line' id='line_1_13' title="bbox 311 780 790 824; baseline 0.004 -12"><span class='ocrx_word' id='word_1_41' title='bbox 311 780 379 812; x_wconf 86' lang='lat' dir='ltr'>Nec</span> <span class='ocrx_word' id='word_1_42' title='bbox 403 781 575 820; x_wconf 85' lang='lat' dir='ltr'>orphanam</span> <span class='ocrx_word' id='word_1_43' title='bbox 600 781 790 824; x_wconf 80' lang='lat' dir='ltr'>relinquere,</span> 
     </span>
     <span class='ocr_line' id='line_1_14' title="bbox 311 828 788 870; baseline 0.006 -11"><span class='ocrx_word' id='word_1_44' title='bbox 311 828 397 867; x_wconf 81' lang='lat' dir='ltr'>Quae</span> <span class='ocrx_word' id='word_1_45' title='bbox 421 830 453 860; x_wconf 89' lang='lat' dir='ltr'>te</span> <span class='ocrx_word' id='word_1_46' title='bbox 477 831 513 860; x_wconf 88' lang='lat' dir='ltr'>ut</span> <span class='ocrx_word' id='word_1_47' title='bbox 536 831 670 861; x_wconf 86' lang='lat' dir='ltr'>matrem</span> <span class='ocrx_word' id='word_1_48' title='bbox 696 830 788 870; x_wconf 88' lang='lat' dir='ltr'>colui,</span> 
     </span>
     <span class='ocr_line' id='line_1_15' title="bbox 307 875 719 917; baseline 0.002 -10"><span class='ocrx_word' id='word_1_49' title='bbox 307 875 353 907; x_wconf 85' lang='lat' dir='ltr'>Te</span> <span class='ocrx_word' id='word_1_50' title='bbox 380 876 538 908; x_wconf 87' lang='lat' dir='ltr'>dominam</span> <span class='ocrx_word' id='word_1_51' title='bbox 561 876 719 917; x_wconf 87' lang='lat' dir='ltr'>perhibui,</span> 
     </span>
     <span class='ocr_line' id='line_1_16' title="bbox 206 921 702 964; baseline 0.004 -11"><span class='ocrx_word' id='word_1_52' title='bbox 206 921 283 954; x_wconf 88' lang='lat'>105.</span> <span class='ocrx_word' id='word_1_53' title='bbox 307 923 457 955; x_wconf 83' lang='lat' dir='ltr'>Amorem</span> <span class='ocrx_word' id='word_1_54' title='bbox 481 923 515 955; x_wconf 88' lang='lat' dir='ltr'>in</span> <span class='ocrx_word' id='word_1_55' title='bbox 539 925 571 955; x_wconf 89' lang='lat' dir='ltr'>te</span> <span class='ocrx_word' id='word_1_56' title='bbox 595 923 702 964; x_wconf 86' lang='lat' dir='ltr'>habui,</span> 
     </span>
     <span class='ocr_line' id='line_1_17' title="bbox 310 970 671 1009; baseline -0.003 -7"><span class='ocrx_word' id='word_1_57' title='bbox 310 970 383 1002; x_wconf 90' lang='lat' dir='ltr'>Tibi</span> <span class='ocrx_word' id='word_1_58' title='bbox 409 971 530 1003; x_wconf 85' lang='lat' dir='ltr'>servire</span> <span class='ocrx_word' id='word_1_59' title='bbox 554 970 671 1009; x_wconf 89' lang='lat' dir='ltr'>studui,</span> 
     </span>
     <span class='ocr_line' id='line_1_18' title="bbox 310 1018 787 1058; baseline 0.002 -8"><span class='ocrx_word' id='word_1_60' title='bbox 310 1018 388 1050; x_wconf 90' lang='lat' dir='ltr'>Cum</span> <span class='ocrx_word' id='word_1_61' title='bbox 412 1027 475 1050; x_wconf 92' lang='lat' dir='ltr'>non</span> <span class='ocrx_word' id='word_1_62' title='bbox 499 1018 663 1058; x_wconf 89' lang='lat' dir='ltr'>servirem,</span> <span class='ocrx_word' id='word_1_63' title='bbox 692 1018 787 1051; x_wconf 91' lang='lat' dir='ltr'>dolui.</span> 
     </span>
     <span class='ocr_line' id='line_1_19' title="bbox 312 1064 757 1105; baseline 0.002 -9"><span class='ocrx_word' id='word_1_64' title='bbox 312 1064 424 1097; x_wconf 78' lang='lat' dir='ltr'>Flecte</span> <span class='ocrx_word' id='word_1_65' title='bbox 448 1073 551 1104; x_wconf 83' lang='lat' dir='ltr'>aures,</span> <span class='ocrx_word' id='word_1_66' title='bbox 577 1068 612 1097; x_wconf 90' lang='lat' dir='ltr'>ut</span> <span class='ocrx_word' id='word_1_67' title='bbox 636 1065 757 1105; x_wconf 83' lang='lat' dir='ltr'>audias,</span> 
     </span>
     <span class='ocr_line' id='line_1_20' title="bbox 312 1111 775 1155; baseline 0.004 -13"><span class='ocrx_word' id='word_1_68' title='bbox 312 1111 389 1153; x_wconf 84' lang='lat' dir='ltr'>Fac,</span> <span class='ocrx_word' id='word_1_69' title='bbox 415 1114 526 1153; x_wconf 87' lang='lat' dir='ltr'>mater,</span> <span class='ocrx_word' id='word_1_70' title='bbox 553 1115 588 1143; x_wconf 87' lang='lat' dir='ltr'>ut</span> <span class='ocrx_word' id='word_1_71' title='bbox 614 1113 775 1155; x_wconf 83' lang='lat' dir='ltr'>exaudias,</span> 
     </span>
     <span class='ocr_line' id='line_1_21' title="bbox 206 1157 767 1201; baseline 0.004 -11"><span class='ocrx_word' id='word_1_72' title='bbox 206 1157 283 1190; x_wconf 88' lang='grc'><strong>110.</strong></span> <span class='ocrx_word' id='word_1_73' title='bbox 310 1158 360 1190; x_wconf 85' lang='lat' dir='ltr'>Ne</span> <span class='ocrx_word' id='word_1_74' title='bbox 385 1159 503 1201; x_wconf 80' lang='lat' dir='ltr'>tardeS,</span> <span class='ocrx_word' id='word_1_75' title='bbox 530 1163 566 1192; x_wconf 85' lang='lat' dir='ltr'>ut</span> <span class='ocrx_word' id='word_1_76' title='bbox 590 1159 767 1199; x_wconf 87' lang='lat' dir='ltr'>subvenias,</span> 
     </span>
    </p>
   </div>
   <div class='ocr_carea' id='block_1_5' title="bbox 990 258 1474 441">
    <p class='ocr_par' dir='ltr' id='par_1_6' title="bbox 990 258 1343 299">
     <span class='ocr_line' id='line_1_22' title="bbox 990 258 1343 299; baseline -0.003 -7"><span class='ocrx_word' id='word_1_77' title='bbox 990 259 1129 299; x_wconf 80' lang='lat' dir='ltr'>Festina,</span> <span class='ocrx_word' id='word_1_78' title='bbox 1156 260 1193 290; x_wconf 84' lang='lat' dir='ltr'>ut</span> <span class='ocrx_word' id='word_1_79' title='bbox 1217 258 1343 298; x_wconf 85' lang='lat' dir='ltr'>eripias.</span> 
     </span>
    </p>

    <p class='ocr_par' dir='ltr' id='par_1_7' title="bbox 990 305 1474 441">
     <span class='ocr_line' id='line_1_23' title="bbox 992 305 1474 346; baseline -0.004 -8"><span class='ocrx_word' id='word_1_80' title='bbox 992 307 1074 339; x_wconf 85' lang='lat' dir='ltr'>Nam</span> <span class='ocrx_word' id='word_1_81' title='bbox 1100 306 1174 346; x_wconf 88' lang='lat' dir='ltr'>quia</span> <span class='ocrx_word' id='word_1_82' title='bbox 1198 314 1282 337; x_wconf 88' lang='lat' dir='ltr'>nunc</span> <span class='ocrx_word' id='word_1_83' title='bbox 1308 309 1338 338; x_wconf 87' lang='lat' dir='ltr'>te</span> <span class='ocrx_word' id='word_1_84' title='bbox 1361 305 1474 336; x_wconf 91' lang='lat' dir='ltr'>invoco</span> 
     </span>
     <span class='ocr_line' id='line_1_24' title="bbox 992 352 1436 392; baseline -0.007 -6"><span class='ocrx_word' id='word_1_85' title='bbox 992 354 1037 386; x_wconf 87' lang='lat' dir='ltr'>Et</span> <span class='ocrx_word' id='word_1_86' title='bbox 1060 353 1155 385; x_wconf 89' lang='lat' dir='ltr'>valde</span> <span class='ocrx_word' id='word_1_87' title='bbox 1181 353 1312 384; x_wconf 91' lang='lat' dir='ltr'>multum</span> <span class='ocrx_word' id='word_1_88' title='bbox 1339 352 1436 392; x_wconf 86' lang='lat' dir='ltr'>diligo</span> 
     </span>
     <span class='ocr_line' id='line_1_25' title="bbox 990 400 1291 441; baseline -0.003 -8"><span class='ocrx_word' id='word_1_89' title='bbox 990 401 1195 441; x_wconf 85' lang='lat' dir='ltr'>Diligereque</span> <span class='ocrx_word' id='word_1_90' title='bbox 1219 400 1291 432; x_wconf 87' lang='lat' dir='ltr'>sitio</span> 
     </span>
    </p>
   </div>
   <div class='ocr_carea' id='block_1_6' title="bbox 886 446 1389 488">
    <p class='ocr_par' dir='ltr' id='par_1_8' title="bbox 886 446 1389 488">
     <span class='ocr_line' id='line_1_26' title="bbox 886 446 1389 488; baseline -0.01 -4"><span class='ocrx_word' id='word_1_91' title='bbox 886 452 964 484; x_wconf 84' lang='lat'>115.</span> <span class='ocrx_word' id='word_1_92' title='bbox 994 452 1043 481; x_wconf 88' lang='lat' dir='ltr'>Ac</span> <span class='ocrx_word' id='word_1_93' title='bbox 1066 449 1139 488; x_wconf 86' lang='lat' dir='ltr'>plus</span> <span class='ocrx_word' id='word_1_94' title='bbox 1165 456 1272 480; x_wconf 86' lang='lat' dir='ltr'>amare</span> <span class='ocrx_word' id='word_1_95' title='bbox 1297 446 1389 488; x_wconf 85' lang='lat' dir='ltr'>cupio</span> 
     </span>
    </p>
   </div>
   <div class='ocr_carea' id='block_1_7' title="bbox 990 495 1497 677">
    <p class='ocr_par' dir='ltr' id='par_1_9' title="bbox 990 495 1361 538">
     <span class='ocr_line' id='line_1_27' title="bbox 990 495 1361 538; baseline -0.003 -10"><span class='ocrx_word' id='word_1_96' title='bbox 990 496 1035 528; x_wconf 85' lang='lat' dir='ltr'>Et</span> <span class='ocrx_word' id='word_1_97' title='bbox 1059 495 1179 528; x_wconf 90' lang='lat' dir='ltr'>servire</span> <span class='ocrx_word' id='word_1_98' title='bbox 1205 495 1361 538; x_wconf 84' lang='lat' dir='ltr'>desidero,</span> 
     </span>
    </p>

    <p class='ocr_par' dir='ltr' id='par_1_10' title="bbox 991 542 1497 677">
     <span class='ocr_line' id='line_1_28' title="bbox 991 542 1450 583; baseline -0.004 -8"><span class='ocrx_word' id='word_1_99' title='bbox 991 543 1025 576; x_wconf 85' lang='lat' dir='ltr'>Si</span> <span class='ocrx_word' id='word_1_100' title='bbox 1050 552 1108 583; x_wconf 89' lang='lat' dir='ltr'>pro</span> <span class='ocrx_word' id='word_1_101' title='bbox 1133 550 1185 574; x_wconf 85' lang='lat' dir='ltr'>me</span> <span class='ocrx_word' id='word_1_102' title='bbox 1208 542 1450 582; x_wconf 86' lang='lat' dir='ltr'>supplicaveris,</span> 
     </span>
     <span class='ocr_line' id='line_1_29' title="bbox 991 589 1402 630; baseline -0.005 -7"><span class='ocrx_word' id='word_1_103' title='bbox 991 591 1025 623; x_wconf 88' lang='lat' dir='ltr'>Si</span> <span class='ocrx_word' id='word_1_104' title='bbox 1048 599 1107 630; x_wconf 91' lang='lat' dir='ltr'>pro</span> <span class='ocrx_word' id='word_1_105' title='bbox 1134 598 1184 621; x_wconf 91' lang='lat' dir='ltr'>me</span> <span class='ocrx_word' id='word_1_106' title='bbox 1209 589 1402 630; x_wconf 66' lang='lat' dir='ltr'>exoraverss,</span> 
     </span>
     <span class='ocr_line' id='line_1_30' title="bbox 991 637 1497 677; baseline -0.006 -7"><span class='ocrx_word' id='word_1_107' title='bbox 991 638 1152 671; x_wconf 85' lang='lat' dir='ltr'>Christum</span> <span class='ocrx_word' id='word_1_108' title='bbox 1176 646 1236 676; x_wconf 86' lang='lat' dir='ltr'>pro</span> <span class='ocrx_word' id='word_1_109' title='bbox 1254 645 1305 668; x_wconf 90' lang='lat' dir='ltr'>me</span> <span class='ocrx_word' id='word_1_110' title='bbox 1321 637 1497 677; x_wconf 87' lang='lat' dir='ltr'>rogaveris,</span> 
     </span>
    </p>
   </div>
   <div class='ocr_carea' id='block_1_8' title="bbox 886 683 1404 724">
    <p class='ocr_par' dir='ltr' id='par_1_11' title="bbox 886 683 1404 724">
     <span class='ocr_line' id='line_1_31' title="bbox 886 683 1404 724; baseline -0.014 -2"><span class='ocrx_word' id='word_1_111' title='bbox 886 688 965 721; x_wconf 80' lang='lat'>120.</span> <span class='ocrx_word' id='word_1_112' title='bbox 993 685 1027 718; x_wconf 87' lang='lat' dir='ltr'>Si</span> <span class='ocrx_word' id='word_1_113' title='bbox 1053 688 1087 717; x_wconf 84' lang='lat' dir='ltr'>tu</span> <span class='ocrx_word' id='word_1_114' title='bbox 1113 694 1163 717; x_wconf 90' lang='lat' dir='ltr'>me</span> <span class='ocrx_word' id='word_1_115' title='bbox 1186 686 1262 716; x_wconf 88' lang='lat' dir='ltr'>tunc</span> <span class='ocrx_word' id='word_1_116' title='bbox 1287 683 1404 724; x_wconf 85' lang='lat' dir='ltr'>eripies</span> 
     </span>
    </p>
   </div>
   <div class='ocr_carea' id='block_1_9' title="bbox 990 732 1450 914">
    <p class='ocr_par' dir='ltr' id='par_1_12' title="bbox 990 732 1450 914">
     <span class='ocr_line' id='line_1_32' title="bbox 990 732 1450 772; baseline -0.007 -7"><span class='ocrx_word' id='word_1_117' title='bbox 990 734 1034 766; x_wconf 82' lang='lat' dir='ltr'>Et</span> <span class='ocrx_word' id='word_1_118' title='bbox 1062 732 1277 765; x_wconf 75' lang='lat' dir='ltr'>abstrahendo</span> <span class='ocrx_word' id='word_1_119' title='bbox 1302 733 1450 772; x_wconf 89' lang='lat' dir='ltr'>proteges</span> 
     </span>
     <span class='ocr_line' id='line_1_33' title="bbox 990 779 1385 821; baseline -0.005 -9"><span class='ocrx_word' id='word_1_120' title='bbox 990 782 1021 813; x_wconf 93' lang='lat' dir='ltr'><strong>A</strong></span> <span class='ocrx_word' id='word_1_121' title='bbox 1047 780 1193 821; x_wconf 88' lang='lat' dir='ltr'>malignis</span> <span class='ocrx_word' id='word_1_122' title='bbox 1219 779 1385 819; x_wconf 87' lang='lat' dir='ltr'>spiritibus</span> 
     </span>
     <span class='ocr_line' id='line_1_34' title="bbox 991 826 1416 869; baseline -0.005 -9"><span class='ocrx_word' id='word_1_123' title='bbox 991 829 1035 861; x_wconf 85' lang='lat' dir='ltr'>Et</span> <span class='ocrx_word' id='word_1_124' title='bbox 1060 828 1170 869; x_wconf 89' lang='lat' dir='ltr'>poenis</span> <span class='ocrx_word' id='word_1_125' title='bbox 1195 826 1416 864; x_wconf 85' lang='lat' dir='ltr'>infernalibuS,</span> 
     </span>
     <span class='ocr_line' id='line_1_35' title="bbox 992 875 1358 914; baseline -0.005 -6"><span class='ocrx_word' id='word_1_126' title='bbox 992 876 1064 908; x_wconf 87' lang='lat' dir='ltr'>Non</span> <span class='ocrx_word' id='word_1_127' title='bbox 1090 876 1152 907; x_wconf 83' lang='lat' dir='ltr'>erit</span> <span class='ocrx_word' id='word_1_128' title='bbox 1178 875 1358 914; x_wconf 85' lang='lat' dir='ltr'>desperatio</span> 
     </span>
    </p>
   </div>
   <div class='ocr_carea' id='block_1_10' title="bbox 886 922 1341 963">
    <p class='ocr_par' dir='ltr' id='par_1_13' title="bbox 886 922 1341 963">
     <span class='ocr_line' id='line_1_36' title="bbox 886 922 1341 963; baseline -0.004 -8"><span class='ocrx_word' id='word_1_129' title='bbox 886 926 963 959; x_wconf 86' lang='grc'>125,</span> <span class='ocrx_word' id='word_1_130' title='bbox 991 923 1060 955; x_wconf 86' lang='lat' dir='ltr'>Nec</span> <span class='ocrx_word' id='word_1_131' title='bbox 1083 923 1149 955; x_wconf 91' lang='lat' dir='ltr'>ulla</span> <span class='ocrx_word' id='word_1_132' title='bbox 1175 922 1341 963; x_wconf 86' lang='lat' dir='ltr'>dubitatio,</span> 
     </span>
    </p>
   </div>
   <div class='ocr_carea' id='block_1_11' title="bbox 991 970 1453 1151">
    <p class='ocr_par' dir='ltr' id='par_1_14' title="bbox 991 970 1358 1057">
     <span class='ocr_line' id='line_1_37' title="bbox 991 970 1326 1003; baseline -0.003 -1"><span class='ocrx_word' id='word_1_133' title='bbox 991 970 1060 1002; x_wconf 88' lang='lat' dir='ltr'>Nec</span> <span class='ocrx_word' id='word_1_134' title='bbox 1084 980 1104 1002; x_wconf 83' lang='lat' dir='ltr'>a</span> <span class='ocrx_word' id='word_1_135' title='bbox 1129 973 1181 1003; x_wconf 92' lang='lat' dir='ltr'>tuo</span> <span class='ocrx_word' id='word_1_136' title='bbox 1208 970 1326 1002; x_wconf 85' lang='lat' dir='ltr'>auxilio</span> 
     </span>
     <span class='ocr_line' id='line_1_38' title="bbox 991 1017 1358 1057; baseline -0.003 -8"><span class='ocrx_word' id='word_1_137' title='bbox 991 1018 1150 1050; x_wconf 83' lang='lat' dir='ltr'>Recedam</span> <span class='ocrx_word' id='word_1_138' title='bbox 1173 1017 1205 1050; x_wconf 92' lang='lat' dir='ltr'>in</span> <span class='ocrx_word' id='word_1_139' title='bbox 1229 1017 1358 1057; x_wconf 87' lang='lat' dir='ltr'>iudicio,</span> 
     </span>
    </p>

    <p class='ocr_par' dir='ltr' id='par_1_15' title="bbox 992 1063 1453 1151">
     <span class='ocr_line' id='line_1_39' title="bbox 993 1063 1432 1107; baseline -0.002 -11"><span class='ocrx_word' id='word_1_140' title='bbox 993 1066 1031 1097; x_wconf 93' lang='lat' dir='ltr'>In</span> <span class='ocrx_word' id='word_1_141' title='bbox 1055 1065 1111 1096; x_wconf 91' lang='lat' dir='ltr'>illo</span> <span class='ocrx_word' id='word_1_142' title='bbox 1138 1068 1213 1097; x_wconf 88' lang='lat' dir='ltr'>tunc</span> <span class='ocrx_word' id='word_1_143' title='bbox 1236 1063 1432 1107; x_wconf 87' lang='lat' dir='ltr'>gravissimo,</span> 
     </span>
     <span class='ocr_line' id='line_1_40' title="bbox 992 1110 1453 1151; baseline -0.004 -7"><span class='ocrx_word' id='word_1_144' title='bbox 992 1112 1105 1144; x_wconf 85' lang='lat' dir='ltr'>Donec</span> <span class='ocrx_word' id='word_1_145' title='bbox 1131 1113 1186 1144; x_wconf 89' lang='lat' dir='ltr'>des</span> <span class='ocrx_word' id='word_1_146' title='bbox 1209 1112 1286 1143; x_wconf 89' lang='lat' dir='ltr'>mihi</span> <span class='ocrx_word' id='word_1_147' title='bbox 1311 1110 1453 1151; x_wconf 87' lang='lat' dir='ltr'>requiem</span> 
     </span>
    </p>
   </div>
   <div class='ocr_carea' id='block_1_12' title="bbox 887 1158 1430 1200">
    <p class='ocr_par' dir='ltr' id='par_1_16' title="bbox 887 1158 1430 1200">
     <span class='ocr_line' id='line_1_41' title="bbox 887 1158 1430 1200; baseline -0.006 -7"><span class='ocrx_word' id='word_1_148' title='bbox 887 1161 964 1195; x_wconf 82' lang='lat'>130.</span> <span class='ocrx_word' id='word_1_149' title='bbox 990 1161 1077 1192; x_wconf 89' lang='lat' dir='ltr'>Ante</span> <span class='ocrx_word' id='word_1_150' title='bbox 1101 1160 1280 1200; x_wconf 82' lang='lat' dir='ltr'>quaerentis</span> <span class='ocrx_word' id='word_1_151' title='bbox 1306 1158 1430 1191; x_wconf 86' lang='lat' dir='ltr'>faeiem.</span> 
     </span>
    </p>
   </div>
   <div class='ocr_carea' id='block_1_13' title="bbox 191 1251 1501 1319">
    <p class='ocr_par' dir='ltr' id='par_1_17' title="bbox 191 1251 1501 1319">
     <span class='ocr_line' id='line_1_42' title="bbox 271 1251 1501 1289; baseline 0.001 -11"><span class='ocrx_word' id='word_1_152' title='bbox 271 1251 350 1278; x_wconf 84' lang='lat' dir='ltr'>Orat.</span> <span class='ocrx_word' id='word_1_153' title='bbox 370 1261 424 1280; x_wconf 87' lang='lat' dir='ltr'>ms.</span> <span class='ocrx_word' id='word_1_154' title='bbox 445 1252 590 1279; x_wconf 79' lang='lat' dir='ltr'>Gallicum</span> <span class='ocrx_word' id='word_1_155' title='bbox 608 1260 683 1279; x_wconf 84' lang='lat' dir='ltr'>saec.</span> <span class='ocrx_word' id='word_1_156' title='bbox 699 1251 742 1280; x_wconf 87' lang='lat'>15.</span> <span class='ocrx_word' id='word_1_157' title='bbox 774 1253 842 1280; x_wconf 86' lang='lat' dir='ltr'>Cod.</span> <span class='ocrx_word' id='word_1_158' title='bbox 863 1253 978 1289; x_wconf 86' lang='lat' dir='ltr'>Hagen.</span> <span class='ocrx_word' id='word_1_159' title='bbox 999 1253 1052 1280; x_wconf 87' lang='lat' dir='ltr'>AA</span> <span class='ocrx_word' id='word_1_160' title='bbox 1075 1251 1137 1281; x_wconf 85' lang='lat'>175.</span> <span class='ocrx_word' id='word_1_161' title='bbox 1153 1267 1189 1272; x_wconf 95' lang='lat'>—-</span> <span class='ocrx_word' id='word_1_162' title='bbox 1209 1251 1255 1280; x_wconf 86' lang='lat'>44.</span> <span class='ocrx_word' id='word_1_163' title='bbox 1270 1253 1348 1281; x_wconf 86' lang='lat' dir='ltr'>Num</span> <span class='ocrx_word' id='word_1_164' title='bbox 1369 1252 1420 1279; x_wconf 91' lang='lat' dir='ltr'>uid</span> <span class='ocrx_word' id='word_1_165' title='bbox 1441 1261 1501 1280; x_wconf 87' lang='lat' dir='ltr'>non</span> 
     </span>
     <span class='ocr_line' id='line_1_43' title="bbox 191 1288 1499 1319; baseline 0.001 -2"><span class='ocrx_word' id='word_1_166' title='bbox 191 1290 273 1317; x_wconf 84' lang='lat' dir='ltr'>ferre.</span> <span class='ocrx_word' id='word_1_167' title='bbox 300 1304 339 1308; x_wconf 91' lang='lat'>—</span> <span class='ocrx_word' id='word_1_168' title='bbox 365 1288 410 1318; x_wconf 91' lang='lat'>50.</span> <span class='ocrx_word' id='word_1_169' title='bbox 432 1289 566 1317; x_wconf 77' lang='lat' dir='ltr'>Caelesti.</span> <span class='ocrx_word' id='word_1_170' title='bbox 593 1306 631 1311; x_wconf 79' lang='grc'>-</span> <span class='ocrx_word' id='word_1_171' title='bbox 658 1288 703 1318; x_wconf 82' lang='lat'>70.</span> <span class='ocrx_word' id='word_1_172' title='bbox 726 1290 815 1318; x_wconf 78' lang='lat' dir='ltr'>Cuius</span> <span class='ocrx_word' id='word_1_173' title='bbox 842 1292 950 1319; x_wconf 87' lang='lat' dir='ltr'>verbis.</span> <span class='ocrx_word' id='word_1_174' title='bbox 970 1305 1008 1311; x_wconf 87' lang='lat'>——</span> <span class='ocrx_word' id='word_1_175' title='bbox 1027 1288 1072 1318; x_wconf 88' lang='lat'>80.</span> <span class='ocrx_word' id='word_1_176' title='bbox 1093 1291 1135 1318; x_wconf 72' lang='lat' dir='ltr'>Et</span> <span class='ocrx_word' id='word_1_177' title='bbox 1154 1291 1190 1319; x_wconf 88' lang='lat' dir='ltr'>ob</span> <span class='ocrx_word' id='word_1_178' title='bbox 1211 1290 1275 1319; x_wconf 86' lang='lat' dir='ltr'>hoe.</span> <span class='ocrx_word' id='word_1_179' title='bbox 1300 1306 1333 1310; x_wconf 97' lang='lat'>—</span> <span class='ocrx_word' id='word_1_180' title='bbox 1376 1288 1401 1317; x_wconf 85' lang='lat'>2.</span> <span class='ocrx_word' id='word_1_181' title='bbox 1423 1291 1499 1319; x_wconf 88' lang='lat' dir='ltr'>Nam</span> 
     </span>
    </p>
   </div>
   <div class='ocr_carea' id='block_1_14' title="bbox 191 1327 492 1363">
    <p class='ocr_par' dir='ltr' id='par_1_18' title="bbox 191 1327 492 1363">
     <span class='ocr_line' id='line_1_44' title="bbox 191 1327 492 1363; baseline 0 -9"><span class='ocrx_word' id='word_1_182' title='bbox 191 1334 363 1363; x_wconf 88' lang='lat' dir='ltr'>quocunque</span> <span class='ocrx_word' id='word_1_183' title='bbox 382 1327 492 1355; x_wconf 86' lang='lat' dir='ltr'>videro.</span> 
     </span>
    </p>
   </div>
   <div class='ocr_carea' id='block_1_15' title="bbox 641 1485 1049 1518">
    <p class='ocr_par' dir='ltr' id='par_1_19' title="bbox 641 1485 1049 1518">
     <span class='ocr_line' id='line_1_45' title="bbox 641 1485 1049 1518; baseline 0 -2"><span class='ocrx_word' id='word_1_184' title='bbox 641 1485 687 1517; x_wconf 89' lang='lat'>88.</span> <span class='ocrx_word' id='word_1_185' title='bbox 716 1487 757 1517; x_wconf 84' lang='lat' dir='ltr'>De</span> <span class='ocrx_word' id='word_1_186' title='bbox 777 1487 872 1518; x_wconf 82' lang='lat' dir='ltr'>beata</span> <span class='ocrx_word' id='word_1_187' title='bbox 893 1486 994 1517; x_wconf 82' lang='lat' dir='ltr'>Maria</span> <span class='ocrx_word' id='word_1_188' title='bbox 1014 1485 1049 1516; x_wconf 95' lang='lat' dir='ltr'>V.</span> 
     </span>
    </p>
   </div>
   <div class='ocr_carea' id='block_1_16' title="bbox 205 1582 776 1905">
    <p class='ocr_par' dir='ltr' id='par_1_20' title="bbox 205 1582 776 1905">
     <span class='ocr_line' id='line_1_46' title="bbox 205 1582 599 1626; baseline 0.005 -13"><span class='ocrx_word' id='word_1_189' title='bbox 205 1583 234 1617; x_wconf 90' lang='grc'>1,</span> <span class='ocrx_word' id='word_1_190' title='bbox 261 1582 374 1626; x_wconf 86' lang='lat' dir='ltr'>Maria,</span> <span class='ocrx_word' id='word_1_191' title='bbox 402 1586 434 1614; x_wconf 86' lang='lat' dir='ltr'>te</span> <span class='ocrx_word' id='word_1_192' title='bbox 458 1583 599 1615; x_wconf 88' lang='lat' dir='ltr'>recolere</span> 
     </span>
     <span class='ocr_line' id='line_1_47' title="bbox 308 1628 716 1672; baseline 0.002 -12"><span class='ocrx_word' id='word_1_193' title='bbox 308 1629 370 1661; x_wconf 84' lang='lat' dir='ltr'>Est</span> <span class='ocrx_word' id='word_1_194' title='bbox 393 1629 485 1661; x_wconf 89' lang='lat' dir='ltr'>nobis</span> <span class='ocrx_word' id='word_1_195' title='bbox 507 1628 716 1672; x_wconf 79' lang='lat' dir='ltr'>salutiferum,</span> 
     </span>
     <span class='ocr_line' id='line_1_48' title="bbox 262 1675 719 1714; baseline 0.002 -7"><span class='ocrx_word' id='word_1_196' title='bbox 262 1675 348 1714; x_wconf 79' lang='lat' dir='ltr'>Quae</span> <span class='ocrx_word' id='word_1_197' title='bbox 371 1677 440 1708; x_wconf 90' lang='lat' dir='ltr'>sine</span> <span class='ocrx_word' id='word_1_198' title='bbox 465 1677 568 1708; x_wconf 82' lang='lat' dir='ltr'>carnis</span> <span class='ocrx_word' id='word_1_199' title='bbox 597 1678 719 1710; x_wconf 87' lang='lat' dir='ltr'>Venere</span> 
     </span>
     <span class='ocr_line' id='line_1_49' title="bbox 308 1723 776 1764; baseline 0.002 -9"><span class='ocrx_word' id='word_1_200' title='bbox 308 1723 492 1755; x_wconf 86' lang='lat' dir='ltr'>Fecundum</span> <span class='ocrx_word' id='word_1_201' title='bbox 517 1732 629 1764; x_wconf 83' lang='lat' dir='ltr'>gerens</span> <span class='ocrx_word' id='word_1_202' title='bbox 653 1727 776 1756; x_wconf 88' lang='lat' dir='ltr'>uterum</span> 
     </span>
     <span class='ocr_line' id='line_1_50' title="bbox 262 1769 620 1812; baseline 0.006 -11"><span class='ocrx_word' id='word_1_203' title='bbox 262 1769 367 1810; x_wconf 87' lang='lat' dir='ltr'>Digna</span> <span class='ocrx_word' id='word_1_204' title='bbox 391 1770 479 1802; x_wconf 85' lang='lat' dir='ltr'>fuisti</span> <span class='ocrx_word' id='word_1_205' title='bbox 504 1780 620 1812; x_wconf 88' lang='lat' dir='ltr'>parere</span> 
     </span>
     <span class='ocr_line' id='line_1_51' title="bbox 311 1817 738 1850; baseline 0.005 -2"><span class='ocrx_word' id='word_1_206' title='bbox 311 1818 449 1850; x_wconf 89' lang='lat' dir='ltr'>Verbum</span> <span class='ocrx_word' id='word_1_207' title='bbox 475 1821 548 1850; x_wconf 77' lang='lat' dir='ltr'>ante</span> <span class='ocrx_word' id='word_1_208' title='bbox 572 1817 738 1850; x_wconf 85' lang='lat' dir='ltr'>luciferum</span> 
     </span>
     <span class='ocr_line' id='line_1_52' title="bbox 261 1864 691 1905; baseline 0.005 -9"><span class='ocrx_word' id='word_1_209' title='bbox 261 1864 306 1896; x_wconf 87' lang='lat' dir='ltr'>Et</span> <span class='ocrx_word' id='word_1_210' title='bbox 328 1865 389 1897; x_wconf 88' lang='lat' dir='ltr'>hoe</span> <span class='ocrx_word' id='word_1_211' title='bbox 414 1874 452 1897; x_wconf 82' lang='lat' dir='ltr'>ex</span> <span class='ocrx_word' id='word_1_212' title='bbox 475 1868 529 1898; x_wconf 87' lang='lat' dir='ltr'>tuo</span> <span class='ocrx_word' id='word_1_213' title='bbox 553 1874 691 1905; x_wconf 89' lang='lat' dir='ltr'>munere,</span> 
     </span>
    </p>
   </div>
   <div class='ocr_carea' id='block_1_17' title="bbox 310 1912 808 1949">
    <p class='ocr_par' dir='ltr' id='par_1_21' title="bbox 310 1912 808 1949">
     <span class='ocr_line' id='line_1_53' title="bbox 310 1912 808 1949; baseline 0.008 -5"><span class='ocrx_word' id='word_1_214' title='bbox 310 1912 496 1945; x_wconf 88' lang='lat' dir='ltr'>Conditor</span> <span class='ocrx_word' id='word_1_215' title='bbox 514 1914 611 1945; x_wconf 92' lang='lat' dir='ltr'>alme</span> <span class='ocrx_word' id='word_1_216' title='bbox 628 1914 808 1949; x_wconf 88' lang='lat' dir='ltr'>siderum.</span> 
     </span>
    </p>
   </div>
   <div class='ocr_carea' id='block_1_18' title="bbox 202 1998 782 2315">
    <p class='ocr_par' dir='ltr' id='par_1_22' title="bbox 202 1998 782 2315">
     <span class='ocr_line' id='line_1_54' title="bbox 202 1998 619 2041; baseline 0.002 -11"><span class='ocrx_word' id='word_1_217' title='bbox 202 1999 234 2030; x_wconf 80' lang='lat'>2.</span> <span class='ocrx_word' id='word_1_218' title='bbox 259 1998 375 2041; x_wconf 87' lang='lat' dir='ltr'>Maria,</span> <span class='ocrx_word' id='word_1_219' title='bbox 401 1999 619 2038; x_wconf 87' lang='lat' dir='ltr'>magnitudine</span> 
     </span>
     <span class='ocr_line' id='line_1_55' title="bbox 307 2045 782 2089; baseline 0.006 -12"><span class='ocrx_word' id='word_1_220' title='bbox 307 2045 468 2078; x_wconf 85' lang='lat' dir='ltr'>Virtutum</span> <span class='ocrx_word' id='word_1_221' title='bbox 493 2055 602 2086; x_wconf 90' lang='lat' dir='ltr'>parem</span> <span class='ocrx_word' id='word_1_222' title='bbox 627 2047 782 2089; x_wconf 86' lang='lat' dir='ltr'>nesciens,</span> 
     </span>
     <span class='ocr_line' id='line_1_56' title="bbox 258 2092 701 2126; baseline 0.007 -3"><span class='ocrx_word' id='word_1_223' title='bbox 258 2092 325 2125; x_wconf 87' lang='lat' dir='ltr'>Nos</span> <span class='ocrx_word' id='word_1_224' title='bbox 350 2093 384 2124; x_wconf 91' lang='lat' dir='ltr'>in</span> <span class='ocrx_word' id='word_1_225' title='bbox 407 2094 468 2125; x_wconf 83' lang='lat' dir='ltr'>hac</span> <span class='ocrx_word' id='word_1_226' title='bbox 491 2095 557 2125; x_wconf 88' lang='lat' dir='ltr'>vita</span> <span class='ocrx_word' id='word_1_227' title='bbox 581 2094 701 2126; x_wconf 83' lang='lat' dir='ltr'>sustine</span> 
     </span>
     <span class='ocr_line' id='line_1_57' title="bbox 307 2140 683 2181; baseline 0.005 -10"><span class='ocrx_word' id='word_1_228' title='bbox 307 2140 375 2172; x_wconf 91' lang='lat' dir='ltr'>Deo</span> <span class='ocrx_word' id='word_1_229' title='bbox 400 2140 527 2180; x_wconf 85' lang='lat' dir='ltr'>placere</span> <span class='ocrx_word' id='word_1_230' title='bbox 552 2140 683 2181; x_wconf 84' lang='lat' dir='ltr'>faciens,</span> 
     </span>
     <span class='ocr_line' id='line_1_58' title="bbox 260 2187 717 2229; baseline 0.004 -10"><span class='ocrx_word' id='word_1_231' title='bbox 260 2187 371 2220; x_wconf 82' lang='lat' dir='ltr'>Ortum</span> <span class='ocrx_word' id='word_1_232' title='bbox 400 2190 449 2219; x_wconf 81' lang='lat' dir='ltr'>est</span> <span class='ocrx_word' id='word_1_233' title='bbox 474 2189 514 2220; x_wconf 88' lang='lat' dir='ltr'>de</span> <span class='ocrx_word' id='word_1_234' title='bbox 537 2191 570 2220; x_wconf 88' lang='lat' dir='ltr'>te</span> <span class='ocrx_word' id='word_1_235' title='bbox 594 2189 717 2229; x_wconf 86' lang='lat' dir='ltr'>virgine</span> 
     </span>
     <span class='ocr_line' id='line_1_59' title="bbox 305 2235 716 2279; baseline 0.005 -13"><span class='ocrx_word' id='word_1_236' title='bbox 305 2235 357 2266; x_wconf 84' lang='lat' dir='ltr'>Ex</span> <span class='ocrx_word' id='word_1_237' title='bbox 382 2235 446 2267; x_wconf 90' lang='lat' dir='ltr'>alto</span> <span class='ocrx_word' id='word_1_238' title='bbox 471 2235 577 2268; x_wconf 90' lang='lat' dir='ltr'>lumen</span> <span class='ocrx_word' id='word_1_239' title='bbox 602 2236 716 2279; x_wconf 88' lang='lat' dir='ltr'>oriens,</span> 
     </span>
     <span class='ocr_line' id='line_1_60' title="bbox 257 2282 705 2315; baseline 0.002 -1"><span class='ocrx_word' id='word_1_240' title='bbox 257 2282 329 2314; x_wconf 84' lang='lat' dir='ltr'>Hoc</span> <span class='ocrx_word' id='word_1_241' title='bbox 353 2285 402 2314; x_wconf 91' lang='lat' dir='ltr'>est</span> <span class='ocrx_word' id='word_1_242' title='bbox 425 2291 444 2313; x_wconf 85' lang='lat' dir='ltr'>a</span> <span class='ocrx_word' id='word_1_243' title='bbox 470 2283 550 2314; x_wconf 86' lang='lat' dir='ltr'>caeli</span> <span class='ocrx_word' id='word_1_244' title='bbox 575 2284 705 2315; x_wconf 85' lang='lat' dir='ltr'>cardine</span> 
     </span>
    </p>
   </div>
   <div class='ocr_carea' id='block_1_19' title="bbox 306 2330 807 2371">
    <p class='ocr_par' dir='ltr' id='par_1_23' title="bbox 306 2330 807 2371">
     <span class='ocr_line' id='line_1_61' title="bbox 306 2330 807 2371; baseline 0.002 -9"><span class='ocrx_word' id='word_1_245' title='bbox 306 2330 468 2362; x_wconf 87' lang='lat' dir='ltr'>Verbum</span> <span class='ocrx_word' id='word_1_246' title='bbox 492 2339 697 2370; x_wconf 88' lang='lat' dir='ltr'>supernum</span> <span class='ocrx_word' id='word_1_247' title='bbox 720 2342 807 2371; x_wconf 89' lang='lat' dir='ltr'>pro-</span> 
     </span>
    </p>
   </div>
   <div class='ocr_carea' id='block_1_20' title="bbox 585 2378 714 2413">
    <p class='ocr_par' dir='ltr' id='par_1_24' title="bbox 585 2378 714 2413">
     <span class='ocr_line' id='line_1_62' title="bbox 585 2378 714 2413; baseline 0.016 -3"><span class='ocrx_word' id='word_1_248' title='bbox 585 2378 714 2413; x_wconf 72' lang='lat' dir='ltr'>diens</span> 
     </span>
    </p>
   </div>
   <div class='ocr_carea' id='block_1_21' title="bbox 883 1584 1288 1626">
    <p class='ocr_par' dir='ltr' id='par_1_25' title="bbox 883 1584 1288 1626">
     <span class='ocr_line' id='line_1_63' title="bbox 883 1584 1288 1626; baseline -0.007 -8"><span class='ocrx_word' id='word_1_249' title='bbox 883 1587 915 1618; x_wconf 85' lang='lat'>3.</span> <span class='ocrx_word' id='word_1_250' title='bbox 941 1584 1056 1626; x_wconf 88' lang='lat' dir='ltr'>Maria,</span> <span class='ocrx_word' id='word_1_251' title='bbox 1084 1584 1288 1616; x_wconf 86' lang='lat' dir='ltr'>nominaliter</span> 
     </span>
    </p>
   </div>
   <div class='ocr_carea' id='block_1_22' title="bbox 938 1631 1499 1956">
    <p class='ocr_par' dir='ltr' id='par_1_26' title="bbox 941 1631 1460 1719">
     <span class='ocr_line' id='line_1_64' title="bbox 989 1631 1460 1674; baseline 0.004 -12"><span class='ocrx_word' id='word_1_252' title='bbox 989 1631 1036 1662; x_wconf 88' lang='lat' dir='ltr'>Te</span> <span class='ocrx_word' id='word_1_253' title='bbox 1060 1632 1155 1664; x_wconf 90' lang='lat' dir='ltr'>stella</span> <span class='ocrx_word' id='word_1_254' title='bbox 1178 1632 1275 1663; x_wconf 87' lang='lat' dir='ltr'>maris</span> <span class='ocrx_word' id='word_1_255' title='bbox 1299 1635 1460 1674; x_wconf 86' lang='lat' dir='ltr'>personat,</span> 
     </span>
     <span class='ocr_line' id='line_1_65' title="bbox 941 1678 1328 1719; baseline -0.003 -8"><span class='ocrx_word' id='word_1_256' title='bbox 941 1679 986 1711; x_wconf 87' lang='lat' dir='ltr'>Et</span> <span class='ocrx_word' id='word_1_257' title='bbox 1008 1678 1041 1709; x_wconf 90' lang='lat' dir='ltr'>in</span> <span class='ocrx_word' id='word_1_258' title='bbox 1066 1681 1099 1709; x_wconf 93' lang='lat' dir='ltr'>te</span> <span class='ocrx_word' id='word_1_259' title='bbox 1123 1679 1328 1719; x_wconf 87' lang='lat' dir='ltr'>singulariter</span> 
     </span>
    </p>

    <p class='ocr_par' dir='ltr' id='par_1_27' title="bbox 938 1725 1499 1815">
     <span class='ocr_line' id='line_1_66' title="bbox 986 1725 1499 1766; baseline 0.002 -8"><span class='ocrx_word' id='word_1_260' title='bbox 986 1725 1058 1758; x_wconf 91' lang='lat' dir='ltr'>Hoc</span> <span class='ocrx_word' id='word_1_261' title='bbox 1086 1726 1205 1766; x_wconf 81' lang='lat' dir='ltr'>duplex</span> <span class='ocrx_word' id='word_1_262' title='bbox 1229 1735 1342 1758; x_wconf 91' lang='lat' dir='ltr'>nomen</span> <span class='ocrx_word' id='word_1_263' title='bbox 1368 1731 1499 1759; x_wconf 85' lang='lat' dir='ltr'>resonat</span> 
     </span>
     <span class='ocr_line' id='line_1_67' title="bbox 938 1774 1375 1815; baseline 0 -9"><span class='ocrx_word' id='word_1_264' title='bbox 938 1774 1046 1806; x_wconf 85' lang='lat' dir='ltr'>Mater</span> <span class='ocrx_word' id='word_1_265' title='bbox 1072 1776 1103 1804; x_wconf 90' lang='lat' dir='ltr'>et</span> <span class='ocrx_word' id='word_1_266' title='bbox 1128 1774 1216 1813; x_wconf 89' lang='lat' dir='ltr'>virgo</span> <span class='ocrx_word' id='word_1_267' title='bbox 1242 1774 1375 1815; x_wconf 87' lang='lat' dir='ltr'>pariter,</span> 
     </span>
    </p>

    <p class='ocr_par' dir='ltr' id='par_1_28' title="bbox 938 1821 1482 1910">
     <span class='ocr_line' id='line_1_68' title="bbox 987 1821 1482 1865; baseline 0.002 -11"><span class='ocrx_word' id='word_1_268' title='bbox 987 1821 1050 1854; x_wconf 88' lang='lat' dir='ltr'>Per</span> <span class='ocrx_word' id='word_1_269' title='bbox 1075 1829 1156 1861; x_wconf 89' lang='lat' dir='ltr'>eum,</span> <span class='ocrx_word' id='word_1_270' title='bbox 1183 1821 1238 1860; x_wconf 91' lang='lat' dir='ltr'>qui</span> <span class='ocrx_word' id='word_1_271' title='bbox 1263 1822 1482 1865; x_wconf 87' lang='lat' dir='ltr'>celsithronat,</span> 
     </span>
     <span class='ocr_line' id='line_1_69' title="bbox 938 1868 1383 1910; baseline 0.002 -9"><span class='ocrx_word' id='word_1_272' title='bbox 938 1869 975 1901; x_wconf 83' lang='lat' dir='ltr'>ln</span> <span class='ocrx_word' id='word_1_273' title='bbox 1000 1868 1127 1900; x_wconf 90' lang='lat' dir='ltr'>laudem</span> <span class='ocrx_word' id='word_1_274' title='bbox 1154 1868 1241 1900; x_wconf 87' lang='lat' dir='ltr'>cuius</span> <span class='ocrx_word' id='word_1_275' title='bbox 1266 1869 1383 1910; x_wconf 87' lang='lat' dir='ltr'>iugiter</span> 
     </span>
    </p>

    <p class='ocr_par' dir='ltr' id='par_1_29' title="bbox 986 1916 1498 1956">
     <span class='ocr_line' id='line_1_70' title="bbox 986 1916 1498 1956; baseline 0.008 -9"><span class='ocrx_word' id='word_1_276' title='bbox 986 1916 1066 1948; x_wconf 79' lang='lat' dir='ltr'>Vox</span> <span class='ocrx_word' id='word_1_277' title='bbox 1081 1917 1498 1956; x_wconf 82' lang='lat' dir='ltr'>clara,ecce‚intonat,</span> 
     </span>
    </p>
   </div>
   <div class='ocr_carea' id='block_1_23' title="bbox 907 2001 1409 2043">
    <p class='ocr_par' dir='ltr' id='par_1_30' title="bbox 907 2001 1409 2043">
     <span class='ocr_line' id='line_1_71' title="bbox 907 2001 1409 2043; baseline 0 -9"><span class='ocrx_word' id='word_1_278' title='bbox 907 2028 912 2034; x_wconf 97' lang='lat'>.</span> <span class='ocrx_word' id='word_1_279' title='bbox 939 2001 1056 2041; x_wconf 86' lang='lat' dir='ltr'>Maria,</span> <span class='ocrx_word' id='word_1_280' title='bbox 1085 2011 1166 2043; x_wconf 90' lang='lat' dir='ltr'>quae</span> <span class='ocrx_word' id='word_1_281' title='bbox 1190 2011 1270 2041; x_wconf 89' lang='lat' dir='ltr'>prae</span> <span class='ocrx_word' id='word_1_282' title='bbox 1295 2003 1409 2035; x_wconf 85' lang='lat' dir='ltr'>ceteris</span> 
     </span>
    </p>
   </div>
   <div class='ocr_carea' id='block_1_24' title="bbox 938 2048 1498 2419">
    <p class='ocr_par' dir='ltr' id='par_1_31' title="bbox 938 2048 1498 2419">
     <span class='ocr_line' id='line_1_72' title="bbox 986 2048 1422 2093; baseline 0.007 -13"><span class='ocrx_word' id='word_1_283' title='bbox 986 2048 1057 2081; x_wconf 90' lang='lat' dir='ltr'>Hoc</span> <span class='ocrx_word' id='word_1_284' title='bbox 1081 2050 1180 2082; x_wconf 89' lang='lat' dir='ltr'>habes</span> <span class='ocrx_word' id='word_1_285' title='bbox 1204 2050 1422 2093; x_wconf 83' lang='lat' dir='ltr'>privilegium,</span> 
     </span>
     <span class='ocr_line' id='line_1_73' title="bbox 941 2097 1447 2141; baseline 0.004 -13"><span class='ocrx_word' id='word_1_286' title='bbox 941 2097 1040 2136; x_wconf 77' lang='lat' dir='ltr'>Quod,</span> <span class='ocrx_word' id='word_1_287' title='bbox 1070 2098 1143 2129; x_wconf 88' lang='lat' dir='ltr'>dum</span> <span class='ocrx_word' id='word_1_288' title='bbox 1168 2100 1272 2130; x_wconf 86' lang='lat' dir='ltr'>mater</span> <span class='ocrx_word' id='word_1_289' title='bbox 1298 2097 1447 2141; x_wconf 85' lang='lat' dir='ltr'>efficeris,</span> 
     </span>
     <span class='ocr_line' id='line_1_74' title="bbox 986 2143 1398 2185; baseline 0.005 -9"><span class='ocrx_word' id='word_1_290' title='bbox 986 2143 1101 2176; x_wconf 81' lang='lat' dir='ltr'>servas</span> <span class='ocrx_word' id='word_1_291' title='bbox 1127 2145 1259 2185; x_wconf 88' lang='lat' dir='ltr'>pudoris</span> <span class='ocrx_word' id='word_1_292' title='bbox 1285 2146 1398 2185; x_wconf 90' lang='lat' dir='ltr'>lilium,</span> 
     </span>
     <span class='ocr_line' id='line_1_75' title="bbox 938 2192 1468 2233; baseline 0.006 -10"><span class='ocrx_word' id='word_1_293' title='bbox 938 2192 1043 2233; x_wconf 88' lang='lat' dir='ltr'>Hunc,</span> <span class='ocrx_word' id='word_1_294' title='bbox 1070 2201 1162 2232; x_wconf 88' lang='lat' dir='ltr'>quem</span> <span class='ocrx_word' id='word_1_295' title='bbox 1187 2192 1316 2225; x_wconf 85' lang='lat' dir='ltr'>lactasti</span> <span class='ocrx_word' id='word_1_296' title='bbox 1342 2193 1468 2226; x_wconf 87' lang='lat' dir='ltr'>miseris</span> 
     </span>
     <span class='ocr_line' id='line_1_76' title="bbox 985 2238 1373 2284; baseline 0.01 -14"><span class='ocrx_word' id='word_1_297' title='bbox 985 2238 1087 2271; x_wconf 85' lang='lat' dir='ltr'>Nobis</span> <span class='ocrx_word' id='word_1_298' title='bbox 1110 2240 1144 2272; x_wconf 91' lang='lat' dir='ltr'>in</span> <span class='ocrx_word' id='word_1_299' title='bbox 1170 2240 1373 2284; x_wconf 89' lang='lat' dir='ltr'>adiutorium,</span> 
     </span>
     <span class='ocr_line' id='line_1_77' title="bbox 938 2286 1372 2327; baseline 0.007 -9"><span class='ocrx_word' id='word_1_300' title='bbox 938 2286 992 2319; x_wconf 86' lang='lat' dir='ltr'>Sic</span> <span class='ocrx_word' id='word_1_301' title='bbox 1018 2287 1148 2327; x_wconf 83' lang='lat' dir='ltr'>adloqui</span> <span class='ocrx_word' id='word_1_302' title='bbox 1173 2288 1372 2321; x_wconf 89' lang='lat' dir='ltr'>memineris:</span> 
     </span>
     <span class='ocr_line' id='line_1_78' title="bbox 985 2334 1498 2377; baseline 0.01 -12"><span class='ocrx_word' id='word_1_303' title='bbox 985 2334 1096 2374; x_wconf 90' lang='lat' dir='ltr'>Veni,</span> <span class='ocrx_word' id='word_1_304' title='bbox 1128 2335 1377 2376; x_wconf 87' lang='lat' dir='ltr'>redemptor</span> <span class='ocrx_word' id='word_1_305' title='bbox 1398 2346 1498 2377; x_wconf 87' lang='lat' dir='ltr'>gen-</span> 
     </span>
     <span class='ocr_line' id='line_1_79' title="bbox 1266 2385 1379 2419; baseline 0.035 -4"><span class='ocrx_word' id='word_1_306' title='bbox 1266 2385 1379 2419; x_wconf 72' lang='lat' dir='ltr'>tium.</span> 
     </span>
    </p>
   </div>
  </div>
 </body>
</html>
