1651 2700
725 199 960 234 -46-

229 388 236 395 .
261 365 341 404 Ave,
373 374 448 397 vera
472 366 557 397 salus
582 367 700 402 nostra,

263 410 406 444 Domans
430 413 550 444 inimici
574 414 679 444 rostra

262 460 369 500 Atque
393 460 458 491 eius
486 460 656 492 dominium

263 506 327 540 Per
353 508 463 539 salutis
488 507 683 547 mysterium.

229 598 235 605 .
262 572 402 605 Mentem
427 582 528 605 meam
553 576 588 604 tu
612 573 658 603 sic
681 579 770 611 gyra,

260 619 329 652 Non
356 621 501 653 vincatur
524 621 592 651 ulla
612 620 671 656 ira,

261 668 368 707 Atque
391 668 530 708 linguam
555 667 601 698 sic
621 664 769 698 refraena,

263 713 312 746 ve
335 715 378 746 sit
402 713 508 747 verbis
536 723 573 746 ea
596 714 701 754 plena.

230 806 237 813 .
264 780 310 813 Ut
332 780 477 820 proferat
500 789 558 820 per
583 784 616 812 te
640 779 747 819 verba,

262 827 335 859 Non
358 831 465 860 tamen
488 831 594 859 mente
617 826 764 867 superba,

260 874 356 917 Ecce,
382 884 433 907 me
457 875 517 907 tibi
543 875 736 917 commendo,

263 921 422 965 Guberna,
448 932 523 963 rege
545 923 673 955 tuendo.

227 1014 234 1020 .
261 988 323 1020 Per
347 992 388 1032 te,
415 998 539 1032 precor,
566 990 626 1022 sim
647 991 800 1030 purgatus

263 1035 331 1068 Nec
352 1037 424 1078 pJus
450 1046 585 1077 peccare
605 1040 746 1080 paratuS,

261 1083 402 1116 Tandem
429 1085 475 1116 sic
499 1086 622 1118 valeam
647 1085 717 1116 sisti

259 1130 339 1173 Deo,
365 1140 457 1172 quem
481 1135 517 1164 tu
541 1132 688 1173 genuisti.

226 1223 233 1230 .
258 1197 284 1230 O
310 1198 436 1231 domina
461 1199 609 1239 gloriosa,

260 1244 362 1286 Super
387 1255 495 1278 omnes
522 1248 676 1288 speciosa,

260 1292 421 1325 Tutricem
445 1297 480 1325 tu
504 1295 582 1325 mihi
608 1295 648 1326 da
673 1296 715 1334 te,

261 1339 392 1382 Quaeso,
418 1344 455 1372 ut
479 1344 630 1382 protegar
650 1351 670 1373 a
691 1344 734 1375 te.

224 1431 231 1438 .
257 1407 349 1439 Assis
374 1409 452 1440 mihi
477 1409 671 1449 supplicanti

256 1454 301 1487 Et
324 1458 357 1487 te
381 1464 476 1497 saepe
501 1456 672 1497 invocanti,

257 1502 331 1535 Hoc
354 1503 432 1534 mihi
458 1503 558 1535 solum
585 1503 717 1543 dignare

260 1549 307 1581 Te
332 1553 364 1581 et
387 1553 495 1582 natum
521 1551 680 1585 adamare.

225 1640 231 1647 .
260 1615 284 1647 Ο
311 1616 400 1656 virgo
424 1616 630 1659 nobilissima,

259 1662 461 1706 Dulcissima,
489 1664 681 1707 dignissima,

259 1709 326 1742 Fac
349 1720 400 1742 me
426 1711 521 1752 digne
544 1715 577 1743 te
601 1712 742 1751 laudare,

255 1756 372 1789 Tecum
401 1767 522 1799 zemper
545 1759 699 1792 habitare.

224 1943 232 1950 .
258 1919 283 1951 Ο
310 1920 437 1952 domina
463 1921 670 1962 dominarum,

255 1966 304 1999 Tu
328 1968 438 2008 regina
461 1969 652 2009 reginarum,

255 2013 392 2056 Propter
416 2018 503 2048 tuam
530 2017 715 2057 dignitatem

256 2061 302 2094 Et
324 2072 426 2095 meam
449 2064 678 2104 malignitatem

226 2153 233 2161 .
258 2129 452 2162 Pravitatem
478 2131 583 2162 cordis
608 2132 702 2173 pelle,

257 2176 347 2217 Quod
372 2177 514 2209 abundat
538 2179 622 2210 omni
647 2178 732 2213 felle.

256 2223 324 2265 Ego
349 2233 471 2265 pauper
496 2227 528 2256 et
552 2234 666 2266 egenus

257 2271 302 2305 Et
325 2283 345 2305 a
368 2272 437 2305 Deo
462 2273 585 2305 alienus

224 2363 229 2369 .
257 2339 436 2371 Adversum
461 2347 512 2370 me
535 2340 659 2372 irritavi

256 2386 359 2419 Deum
384 2396 495 2430 meum,
525 2388 599 2419 dum
623 2390 764 2429 peccavi,

259 2435 357 2475 Quem
383 2439 418 2467 tu
442 2435 519 2467 mihi
543 2435 687 2478 pacifica,

257 2482 320 2516 Dei
344 2486 446 2517 mater
471 2486 503 2516 et
526 2483 628 2517 unica.

811 296 869 329 IX.

910 363 940 395 8.

883 780 938 812 10.

883 989 937 1021 11.

883 1199 937 1231 12.

882 1408 937 1442 13.

881 1618 936 1651 14.

967 364 1017 396 Tu
1037 362 1175 394 omnium
1201 362 1385 403 dignissima

967 410 1012 442 Et
1035 410 1190 450 virginum
1217 411 1402 449 castissima,

966 457 1033 489 Fac
1056 466 1107 488 me
1133 457 1227 498 digne
1251 457 1465 490 confessorum

966 505 1011 537 Et
1040 505 1197 545 virginum
1220 508 1329 537 tenere
1355 506 1493 538 chorum.

932 595 939 602 .
966 572 990 604 Ο
1019 571 1146 603 domina
1169 571 1237 603 Deo
1264 580 1346 614 cara,

966 618 1073 659 Stirpe
1099 619 1214 650 decens
1239 627 1277 650 ac
1300 618 1477 659 praeclara,

967 666 1030 698 Sed
1058 666 1179 698 meritis
1204 666 1400 705 praeclarior

965 713 1173 753 Moribusque
1196 713 1344 754 nobilior,

964 780 1047 812 Mihi
1071 780 1176 812 omnia
1201 780 1354 812 damnosa

965 828 1063 871 Pelle,
1089 829 1179 869 virgo
1204 836 1367 869 generosa,

964 876 1040 908 Tuis
1066 875 1187 907 meritis
1211 875 1387 916 praeclaris

964 923 1020 955 Me
1044 924 1142 962 salva,
1170 932 1188 955 o
1213 924 1307 955 stella
1331 923 1438 956 maris.

963 991 987 1023 O
1013 990 1139 1023 domina
1163 990 1352 1031 gratissima,

962 1037 1142 1070 Virtutibus
1170 1037 1365 1079 dignissima,

964 1086 1057 1118 Omni
1081 1086 1163 1117 bono
1188 1089 1222 1117 tu
1247 1084 1394 1127 fecunda,

962 1134 1052 1173 Quod
1077 1133 1157 1164 nulli
1183 1142 1215 1165 es
1241 1133 1315 1164 hinc
1338 1133 1489 1165 secunda.

962 1200 1061 1240 Virgo
1086 1208 1221 1239 semper,
1248 1203 1323 1232 ante
1347 1202 1475 1239 partum

962 1248 1007 1280 Et
1028 1247 1061 1279 in
1086 1250 1182 1287 partu
1202 1250 1236 1279 et
1259 1251 1332 1289 post
1351 1251 1490 1287 partum,

962 1296 1038 1327 Iure
1063 1295 1184 1327 cunctis
1211 1304 1244 1326 es
1268 1295 1424 1336 praelata,

964 1342 1067 1383 Super
1092 1351 1199 1375 omnes
1226 1343 1376 1375 exaltata.

964 1410 1096 1450 Semper
1121 1412 1218 1452 casta,
1250 1418 1377 1450 semper
1401 1419 1491 1450 pura,

963 1457 1095 1497 Semper
1119 1457 1188 1489 Deo
1213 1457 1383 1501 placitura,

962 1505 1131 1544 Nunquam
1136 1505 1227 1543 levis,
1234 1514 1393 1545 nunquam
1401 1514 1482 1536 vana

961 1553 1011 1584 Ac
1035 1552 1062 1583 si
1088 1560 1172 1583 esses
1193 1552 1373 1584 inhumana.

1484 1531 1492 1549 7

961 1619 1055 1650 Dona
1078 1619 1157 1650 mihi
1181 1619 1234 1650 hic
1259 1619 1384 1650 sincere

961 1667 1065 1699 Deum
1089 1666 1206 1706 iugiter
1229 1667 1354 1707 timere,

961 1714 1006 1746 Ut
1031 1723 1100 1745 cum
1125 1714 1250 1746 venerit
1273 1714 1420 1758 Messias,

962 1761 1018 1793 Me
1046 1762 1142 1794 ducat
1166 1763 1207 1794 ad
1232 1762 1397 1796 melodias,

936 1923 983 1956 Ut
1005 1925 1040 1956 in
1065 1925 1131 1956 eius
1156 1925 1325 1957 maiestate

936 1971 1043 2014 Regar
1065 1974 1121 2004 tua
1145 1972 1288 2005 bonitate

937 2019 982 2052 Et
1005 2020 1130 2053 valeam
1154 2023 1258 2052 tecum
1284 2030 1360 2054 vere

938 2067 1067 2101 Caelum
1092 2069 1126 2100 in
1150 2077 1263 2102 aevum
1287 2070 1439 2105 retinere.

903 2160 910 2167 .
936 2134 1007 2168 Hoc
1030 2138 1064 2167 te
1087 2144 1183 2176 posse
1206 2137 1383 2178 impetrare

937 2182 1040 2215 Credo
1065 2182 1201 2215 firmiter
1225 2188 1258 2215 et
1282 2185 1377 2225 clare,

935 2231 1137 2271 Quapropter
1161 2232 1242 2263 haec
1266 2233 1344 2265 mihi
1370 2234 1463 2276 dona,

938 2277 1012 2311 Sola
1036 2287 1110 2318 spes
1131 2281 1226 2319 atque
1250 2283 1397 2320 patrona.

903 2369 910 2376 .
938 2344 962 2377 O
988 2345 1104 2385 Maria,
1130 2344 1189 2378 flos
1214 2347 1384 2393 virginum,

936 2392 1000 2424 Ora
1025 2402 1083 2432 pro
1109 2402 1158 2425 me
1183 2395 1224 2426 ad
1250 2395 1432 2439 Dominum,

934 2438 982 2471 Ut
1006 2441 1047 2472 ad
1075 2441 1155 2472 caeli
1178 2443 1301 2482 palatia

935 2486 1126 2521 Perveniam
1149 2492 1183 2521 te
1206 2492 1348 2531 praevia..
