1651 2700
719 164 976 199 —160—

214 267 270 299 27.
294 266 346 298 Ex
371 265 527 307 Aegypto,
556 273 574 296 o
599 262 713 303 Maria,

295 313 406 346 Hostis
430 316 463 344 te
488 312 567 344 duce
590 311 711 350 pereat,

295 361 406 393 Virtus
430 363 485 391 tua
509 367 565 390 nos
589 356 745 398 provehat

295 409 349 440 Ad
373 416 488 438 manna
510 414 568 436 nos
592 406 784 445 promoveat,

300 455 407 488 Cibum
434 453 538 485 carnis
562 454 716 483 amoveat.

891 259 947 292 28.
974 258 1023 289 Tu
1047 265 1105 288 nos
1129 258 1204 295 post
1228 255 1289 287 hoc
1314 254 1472 293 exsilium,

973 305 1090 342 Mater,
1115 301 1257 334 transfer
1280 302 1323 334 ad
1347 301 1458 341 filium,

974 352 1024 383 De
1048 353 1135 382 terra
1159 358 1216 381 nos
1235 350 1411 390 lugentium

973 398 1088 431 Redde
1109 400 1214 429 terrae
1238 397 1421 430 viventium.

553 549 610 580 29.
635 545 685 577 Tu
709 547 799 584 potes
823 542 903 575 haec
928 545 961 573 et
982 541 1099 582 omnia,

635 592 731 632 Regis
751 592 854 623 mater
879 592 910 621 et
935 588 1013 621 filia.

635 639 660 672 Ο
685 639 861 671 novitatum
884 636 1019 676 novitas,

635 686 706 718 Tua
727 688 840 725 regnat
862 684 1035 725 humilitas,

634 733 709 765 Tibi
733 734 776 764 sit
799 732 867 764 laus
890 740 949 772 per
973 731 1083 774 filium,

636 781 661 814 Ο
687 783 798 823 mater,
826 780 914 820 virgo
939 779 1107 820 virginum.

277 879 357 907 Orat.
391 886 443 905 ms,
473 878 586 905 Domus
611 876 715 904 Novae
739 875 829 901 Lucis
860 874 931 901 anni
962 872 1043 901 1477.
1091 873 1159 901 Cod.
1186 872 1364 901 Ultraiectin
1388 872 1508 908 Scriptt.

201 917 281 945 Eccl.
302 915 367 944 375.
394 930 428 934 -
457 914 488 943 1.
511 913 526 941 1
546 915 622 942 Vale
648 916 752 941 sancta
776 913 859 947 virgo
885 912 1047 948 virginum3
1075 912 1124 939 efr.
1148 910 1177 943 1,
1198 909 1231 945 5?
1256 908 1283 945 3,
1304 909 1336 946 53
1357 909 1403 946 29,
1423 910 1449 939 6.
1470 926 1510 929 —

200 953 235 989 4,
255 952 273 981 3
291 955 397 982 Rubet.
424 969 462 973 —
488 950 521 987 4,
540 951 561 979 4
585 955 615 980 et
638 951 730 979 ardet.
753 964 792 970 -—
820 949 869 983 15,
889 947 909 977 4
931 947 1006 984 ymis
1030 947 1073 977 fit.
1094 965 1132 969 —
1154 946 1198 981 19,
1221 947 1235 975 1
1256 950 1303 977 Tu
1322 950 1423 977 curiae
1443 957 1507 977 cae-

201 993 291 1020 lestis.
311 1007 350 1011 ——
369 989 414 1025 26,
438 990 452 1018 1
474 992 498 1020 O
519 993 620 1018 mater.
642 1004 678 1008 —
699 987 745 1023 26,
766 986 783 1015 6
799 987 887 1015 Auris
907 989 1008 1015 mater.

643 1146 698 1178 115.
729 1148 770 1178 De
791 1146 887 1177 beata
906 1146 1006 1176 mana
1024 1145 1061 1178 V.

216 1251 247 1283 1.
275 1249 299 1281 O
326 1248 435 1280 mundi
459 1247 649 1288 prodigium,

275 1294 375 1337 Virgo
400 1295 522 1327 lactans
542 1293 651 1336 filium,

319 1343 421 1375 Deum
446 1342 631 1384 maiestatis,

273 1391 323 1423 Tu
349 1390 464 1423 Christi
491 1389 673 1429 hospitium,

274 1438 402 1478 Insigne
425 1437 597 1469 triclinium

320 1485 466 1517 Summae
489 1484 663 1522 trinitati53

272 1533 322 1565 Tu
346 1531 457 1563 mortis
479 1531 663 1572 remedium:

273 1580 320 1610 Tu
346 1579 430 1612 vitae
453 1579 647 1619 praesidium

321 1626 422 1658 Morti
442 1625 671 1665 condemnatiS,

273 1673 400 1706 Laudes
425 1674 526 1705 vincis
551 1673 697 1714 omnium,

274 1721 320 1752 Te
343 1720 448 1752 nullus
473 1720 653 1751 mortalium

321 1768 389 1800 Scit
413 1768 544 1799 laudare
565 1768 654 1800 satis.

217 1864 247 1895 2.
271 1862 400 1903 Abigail
424 1862 583 1894 turbinem

271 1909 390 1941 Mentis
419 1914 451 1942 et
474 1910 655 1942 acredinem

319 1956 393 1990 Irae
417 1958 582 2000 mitigavit,

275 2007 408 2038 Precum
433 2014 491 2045 per
518 2005 718 2038 dulcedinem

273 2053 406 2084 Placans
431 2053 537 2086 David
562 2053 746 2094 sanguinem

321 2099 427 2132 Nabal
453 2101 671 2139 conservavit;

272 2148 326 2180 Sic
349 2151 535 2187 peccantem
558 2147 727 2190 hominem,

273 2195 388 2228 Mortis
412 2195 446 2226 in
472 2195 654 2235 voraginem

321 2243 417 2282 Quem
447 2242 540 2281 culpa
563 2243 747 2282 prostravit,

272 2291 326 2323 Ad
350 2289 463 2322 salutis
487 2288 631 2321 ordinem

273 2339 335 2370 Per
363 2341 396 2369 te
419 2339 552 2369 matrem
578 2336 730 2377 virginem

317 2386 404 2418 Deus
429 2383 600 2418 revocavit.

895 1246 925 1279 3⁷
952 1246 1022 1278 Rex
1046 1244 1154 1276 David
1174 1244 1314 1275 insenuit

954 1293 1048 1326 Senio
1074 1291 1246 1331 confriguit

1000 1339 1129 1373 Viribus
1154 1339 1284 1382 attritis,

952 1389 1075 1427 Abisag
1100 1387 1258 1419 coniacuit

951 1436 996 1468 Et
1019 1435 1091 1467 sinu
1115 1434 1252 1466 recaluit

1000 1482 1157 1516 Pulchrae
1181 1481 1373 1522 Sunamitis3

955 1531 1008 1564 Sic
1032 1530 1145 1571 patris,
1175 1538 1257 1568 quae
1280 1529 1394 1570 tepuit,

955 1579 1079 1611 Caritas
1103 1576 1261 1609 referbuit

999 1626 1064 1658 Per
1089 1628 1131 1666 te,
1157 1624 1248 1664 virgo
1272 1623 1370 1664 mitis,

952 1674 1069 1705 Botrus
1096 1672 1194 1712 Cypri
1219 1670 1337 1710 floruit,

955 1721 1020 1760 Quo
1045 1720 1181 1752 mundus
1206 1718 1376 1751 immaduit

1002 1768 1083 1800 Vino
1106 1775 1202 1799 verae
1225 1768 1312 1800 vitis.

921 1889 928 1895 .
952 1862 1113 1895 Bersabee
1137 1862 1284 1905 mittitur,

951 1910 1099 1942 Dulciter
1124 1910 1282 1950 excipitur

999 1959 1128 1990 Throno
1154 1958 1342 1996 SalomoniS,

951 2006 1098 2038 Thronus
1123 2006 1234 2038 matris
1260 2006 1413 2046 iungitur,

953 2053 1099 2086 Adoniae
1123 2053 1244 2093 petitur

999 2101 1121 2141 Abisag
1145 2102 1178 2133 in
1206 2101 1316 2143 donis3

952 2148 1006 2180 Sic
1029 2148 1118 2188 virgo
1142 2148 1292 2180 innititur

953 2196 1079 2228 Dilecto
1106 2199 1138 2227 et
1162 2195 1281 2228 fruitur

1000 2243 1180 2276 Potissimis
1207 2243 1309 2282 donis,

952 2291 1022 2323 Nec
1047 2290 1194 2322 damnari
1216 2292 1340 2330 patitur

953 2338 1044 2378 Suos,
1071 2337 1130 2369 sed
1154 2338 1324 2371 abraditur

1002 2385 1070 2417 Lex
1100 2385 1324 2418 damnat-ionis.
