1653 2701
706 137 938 173 *16-

212 244 230 276 5
237 268 244 275 .
269 241 360 282 Quod
373 241 552 274 auscultans
562 248 624 271 vox
632 238 792 270 exsultans

315 289 416 321 Deum
441 287 551 320 laudat
576 286 708 324 dulcius,

266 335 334 369 Pax
359 337 391 368 10
416 338 503 368 terra
527 334 619 375 pulsa
642 340 765 373 guerra.

317 384 403 417 Caeli
432 383 518 415 canit
540 380 677 413 nuntius,

208 462 241 494 6.
267 460 380 492 Pastor
405 461 510 490 certus
534 458 594 490 1100
618 457 766 496 expertus

316 506 426 539 Cernit
449 507 483 538 iu
507 504 692 546 praesaepio

271 554 430 587 Christum
441 555 559 593 natum,
578 550 669 583 nobis
684 549 790 581 datum

317 601 451 633 Nuntiat
476 608 544 631 01101
569 598 694 639 gaudio.

269 678 386 711 Natum
410 685 516 717 regem
542 678 669 715 praeter
690 674 791 714 legem

316 725 442 757 Laudat
465 723 522 755 hos
547 725 579 754 et
603 722 721 763 asinus,

268 772 308 804 Se
324 774 539 813 prosternunt,
566 770 640 810 quia
657 772 789 800 cernunt

313 819 474 852 Christum
498 826 567 850 esse
592 816 775 849 comminus,

209 897 240 930 8.
267 895 367 927 Stessa
389 893 500 935 fulget,
524 896 562 925 ut
586 894 729 933 divulget

310 942 382 975 Hoc
405 942 476 975 orbi
499 942 694 982 mysterium,

265 989 358 1022 Stans
381 990 490 1022 innixa
514 992 550 1021 ut
573 988 680 1021 adfixa

312 1035 408 1069 quta
431 1038 643 1077 puerperium.

211 680 228 711 «Ἰ

210 1115 240 1147 9.
267 1113 370 1153 Reges
396 1114 530 1145 eredunt
554 1116 586 1145 et
610 1113 765 1146 accedunt

314 1162 400 1193 Ante
422 1161 570 1193 thronum
593 1161 736 1202 virginis,

267 1208 360 1241 Dona
377 1207 493 1250 ferunt,
519 1208 680 1242 Christum
696 1217 791 1249 quae-

565 1259 641 1288 runt

313 1303 409 1336 Ducti
433 1304 521 1344 signo
546 1304 683 1337 luminis.

184 1381 238 1414 10.
265 1380 290 1413 O
313 1379 459 1412 miranda
484 1382 516 1411 et
536 1379 700 1413 laudanda

314 1428 383 1461 Ista
406 1427 579 1469 generatio,

270 1475 355 1515 Quae
378 1475 532 1514 perplexo
559 1478 590 1506 et
613 1472 728 1506 inflexo

316 1523 432 1562 Fulget
455 1522 515 1554 hoc
539 1522 701 1562 mysterio.

186 1599 240 1631 11.
269 1598 293 1631 O
319 1598 485 1639 stupenda,
511 1598 688 1630 reverenda

315 1645 413 1678 Verbi
435 1646 624 1686 incarnatio,

272 1693 335 1726 Per
359 1702 452 1733 quam
476 1693 543 1725 vita
566 1697 667 1725 morte
690 1694 770 1726 trita

317 1740 420 1773 Datur
444 1744 475 1772 et
498 1741 642 1775 salvatio.

191 1817 243 1849 12.
267 1816 291 1850 O
326 1825 417 1857 quam
442 1817 555 1848 mirum
580 1819 671 1849 extra
694 1817 801 1858 girum

318 1864 411 1897 Orbis
435 1864 684 1905 tabernaculum,

270 1912 306 1944 111
330 1920 391 1950 quo
416 1912 478 1944 Dei
504 1913 606 1944 virtus
630 1913 660 1944 ei

319 1958 410 1991 Fecit
433 1959 657 1994 habitaculum.

192 2035 246 2069 13.
273 2035 297 2069 Ο
321 2044 413 2076 quam
429 2044 535 2067 rarum
550 2038 581 2067 et
596 2037 794 2076 praeclarum

316 2083 444 2115 Amoris
471 2082 645 2124 conubium,

269 2129 335 2164 Ubi
357 2139 440 2171 pura
463 2133 574 2162 contra
594 2131 666 2163 iura

317 2177 413 2219 Virgo
438 2177 526 2218 parit
548 2176 657 2210 filium.

252 2263 331 2291 Orat.
357 2271 410 2291 ms.
430 2263 617 2292 Lehninense
637 2265 707 2291 anni
730 2262 809 2292 151&

854 235 908 266 14.
936 233 961 265 O
986 231 1100 273 Maria,
1127 231 1230 261 mater
1253 228 1317 271 pia,

984 277 1151 312 Trinitatis
1176 275 1301 318 cellula,

939 324 1475 366 (Quaetammagnumlaetasagnum

984 373 1055 418 Dei,
1082 371 1171 412 virgo
1193 371 1338 412 parvula.

856 464 909 496 15.
937 461 962 494 O
979 459 1039 492 fios
1054 457 1178 500 florum,
1204 465 1316 489 norma
1331 462 1466 492 morum,

985 506 1150 542 castitatis
1180 504 1293 547 lilium⁷

936 556 1002 589 Mel
1029 554 1180 594 dulcoris,
1207 561 1263 585 vas
1288 549 1429 590 11000115,

983 603 1045 636 Dei
1070 600 1177 633 ferens
1202 599 1313 632 filium.

855 692 908 725 16.
935 690 983 723 'su
1006 689 1062 721 lux
1085 689 1217 728 1110005,
1245 694 1302 718 nos
1329 685 1468 717 educens

982 738 1032 770 De
1057 736 1220 777 gehennae
1243 732 1388 773 latebris,

934 786 1076 826 Fulgens
1101 782 1206 826 stella,
1231 782 1286 814 lux
1312 780 1451 821 novella,

984 833 1073 865 Viam
1100 832 1179 864 dans
1207 831 1247 863 de
1271 827 1426 862 tenebris.

851 920 904 955 17.
932 920 981 952 Tu
1004 917 1075 951 fons
1101 917 1202 958 vivus,
1228 925 1247 948 a
1272 924 1333 957 quo
1358 916 1446 949 rivus

979 966 1092 999 Manat
1115 964 1312 1005 indeficiens,

932 1014 1028 1047 Hunc
1045 1014 1098 1055 qui
1114 1016 1216 1054 potat,
1239 1022 1303 1045 000
1320 1014 1466 1053 aegrotat

981 1062 1052 1094 Nee
1077 1064 1125 1093 est
1148 1061 1237 1093 nitra
1260 1060 1382 1093 sitiens,

855 1150 909 1184 18,
930 1148 1067 1181 Madens
1080 1148 1204 1188 humus,
1223 1148 1340 1180 ardens
1356 1147 1469 1179 dumus

982 1196 1029 1228 Te
1053 1195 1192 1236 figurant
1215 1195 1380 1237 virginem,

936 1244 1020 1277 Sane
1043 1253 1156 1284 puram
1179 1243 1360 1283 parituram

983 1291 1122 1324 Deitatis
1148 1291 1317 1324 hominem.

855 1379 910 1412 19.
936 1379 983 1411 Te
1008 1379 1147 1419 signavit
1171 1381 1281 1410 cantus
1302 1377 1420 1418 David,

984 1426 1046 1458 Tui
1070 1427 1194 1458 ventris
1218 1425 1339 1459 fructui

937 1475 1060 1507 Ponens
1085 1473 1205 1517 sedem,
1230 1476 1267 1506 ut
1290 1473 1443 1506 heredem

985 1521 1103 1554 Nostro
1129 1521 1222 1553 daret
1246 1522 1355 1555 cultui.

856 1599 912 1632 20.
936 1599 1042 1632 Isaiae
1064 1598 1256 1639 prophetiae

985 1646 1188 1678 Intellectum
1213 1646 1332 1689 aperis,

938 1694 1071 1733 Quando
1095 1694 1184 1733 paris
1209 1703 1325 1734 expers
1350 1695 1449 1727 maris

985 1741 1091 1774 Deum
1114 1742 1218 1774 nostri
1241 1743 1378 1783 generis,

856 1817 913 1850 21.
939 1818 1028 1851 Evae
1050 1818 1171 1851 luctum
1197 1821 1231 1852 tu
1258 1819 1454 1852 destructum

984 1866 1102 1899 Prodis
1128 1866 1211 1898 aimo
1237 1867 1379 1908 germine

938 1914 983 1947 Et
1005 1915 1197 1954 productum
1220 1916 1308 1948 vitae
1329 1915 1470 1949 fructum

985 1961 1061 1994 Sine
1085 1962 1148 1995 viri
1170 1964 1302 1998 semine.

857 2039 911 2070 22.
937 2038 1019 2071 Fers
1034 2039 1074 2072 ad
1084 2040 1237 2079 templum
1247 2041 1280 2072 in
1291 2042 1471 2081 exemplum

986 2086 1080 2120 Viam
1104 2088 1189 2119 vitae
1211 2088 1358 2121 indicans

939 2133 1059 2168 Natum
1070 2143 1190 2177 regem,
1202 2135 1341 2176 implens
1356 2137 1471 2179 legem,

988 2183 1086 2215 Partu
1109 2186 1144 2214 te
1165 2183 1351 2223 purificans.

852 2266 921 2294 Cod.
944 2266 1110 2295 Berolinen.
1131 2265 1166 2295 40
1188 2265 1233 2295 29.
1254 2282 1292 2287 —
1315 2267 1339 2299 1,
1361 2267 1378 2298 3
1399 2271 1481 2299 Lies:

176 2301 274 2329 Novas
302 2301 372 2329 odas
399 2300 468 2329 oder
493 2309 598 2330 novem
624 2302 715 2330 odas-²?
755 2303 839 2331 Num
860 2304 942 2332 Oden
966 2305 1072 2334 z‘ahlen
1095 2304 1172 2333 nach
1196 2305 1247 2333 der
1269 2306 1342 2335 Zahl
1363 2308 1415 2336 der
1435 2310 1481 2337 bi-

177 2339 308 2368 1111131100
328 2340 450 2368 Cantica
478 2339 526 2367 die
545 2340 683 2368 Kanones
711 2340 761 2369 der
780 2342 981 2377 griechischen
999 2343 1187 2379 Hymnoden.
1213 2359 1249 2364 —-
1280 2344 1328 2379 11,
1352 2346 1367 2374 1
1395 2356 1483 2377 vene-

175 2377 274 2405 tanda.
