1651 2700
210 227 251 261 21

728 131 962 167 ...-3Ο-.

257 255 264 262 .
292 226 316 262 Ο
342 227 400 262 flos
425 229 546 270 florum,
572 232 720 264 vitiorum

337 276 489 310 Curictam
512 282 601 319 terge
622 279 790 317 maculam,

289 324 395 356 Mater
419 326 512 368 regiS,
539 327 639 359 omnis
662 326 742 366 legis

335 372 452 413 Meque
478 374 556 406 doce
578 373 728 414 regulam.

232 440 262 467 ·.
288 431 401 468 Mundi
424 443 507 475 rosa,
532 435 604 477 plus
630 433 773 466 formosa

336 480 463 514 Cunctis
489 482 568 514 caeli
594 481 725 523 civibus,

288 528 364 569 Fac,
390 532 423 561 te
448 529 537 561 deam
565 530 658 569 digne
682 536 793 568 queam

335 576 489 608 Venerari
513 576 670 609 laudibus

208 638 261 669 23.
289 634 463 671 Ierusalem
483 640 569 676 nata,
595 638 692 669 talem

203 841 247 872 24-

202 1045 244 1077 25

200 1249 243 1281 26

200 1453 241 1485 27

199 1659 241 1690 28

333 684 476 716 &enuisti
499 684 609 720 filium,

286 734 352 772 Quo
378 732 496 771 captivi
521 732 658 764 redivivi

327 779 479 812 Evadunt
502 780 702 820 supplicium.

251 865 256 871 .
281 836 373 873 Nunc
388 841 422 872 in
439 849 544 881 pugna
561 850 619 880 pro
633 850 685 874 me
698 851 804 882 pugna

329 887 438 921 Hostis
467 897 616 929 rumpens
641 897 764 932 caveae,

282 935 373 967 Bello
399 934 487 975 forti,
517 945 644 979 quaeso,
668 938 764 969 morti

327 982 377 1015 Ne
401 984 611 1026 succumbam,
639 993 761 1018 caveas.

251 1069 257 1075 .
285 1041 386 1085 Virgo
413 1047 509 1089 casta,
536 1054 662 1087 semper
686 1050 755 1080 asta

327 1092 410 1125 Mihi
432 1102 516 1125 nunc
540 1094 667 1135 auxilio,

284 1140 383 1172 Stella
408 1140 515 1180 maris.
540 1144 643 1173 mater
665 1144 763 1174 maris

328 1187 445 1228 Ignara
469 1189 636 1223 consortio.

248 1270 254 1277 ·
283 1246 478 1289 Sanctitatis,
511 1250 639 1284 deitatis

329 1296 476 1330 Gloriosa
500 1298 624 1341 cellula,

281 1344 337 1376 Me
361 1345 492 1386 dignare
516 1349 548 1378 te
569 1346 702 1380 laudare

327 1391 390 1424 Per
414 1395 544 1426 aeterna
568 1395 703 1428 saecula.

247 1479 253 1486 .
282 1451 331 1486 Tu
356 1463 414 1494 per
438 1455 560 1495 prolem
585 1457 671 1496 pene
687 1458 801 1489 molem

327 1502 450 1534 Pravae
475 1503 710 1536 consuetudinis

280 1549 318 1580 In
339 1557 390 1580 me
414 1551 507 1581 sitam
534 1550 636 1590 daque
660 1552 766 1584 tritam

326 1596 419 1628 Viam
442 1598 652 1631 rectitudinis.

247 1684 253 1690 .
280 1654 322 1691 Et
346 1667 397 1690 me
420 1661 510 1699 grato
535 1663 568 1691 te
593 1669 662 1693 cum
686 1665 761 1694 nato

329 1705 424 1739 Cultu
450 1705 502 1738 fac
527 1708 702 1750 exquirere,

280 1752 464 1786 Saevientes
488 1764 539 1786 me
565 1760 762 1801 quaerentes,

326 1802 459 1841 Semper
483 1802 589 1836 hostes
614 1804 751 1839 vincere.

198 1864 252 1896 29.
280 1860 366 1897 Caeli
395 1873 467 1896 rosa
490 1866 643 1906 speciosa,

199 2068 241 2100 3O

196 2273 237 2305 31

324 1911 387 1943 Per
411 1915 443 1943 te
466 1921 517 1944 me
542 1913 701 1946 custodiat

283 1957 371 1990 Caeli
394 1960 545 1999 princeps
569 1969 607 1992 ac
632 1962 781 2003 deinceps

324 2005 379 2038 Me
403 2016 423 2037 a
446 2008 538 2039 malis
563 2012 662 2044 eruat,

246 2091 253 2099 .
280 2064 325 2101 Ut
349 2076 499 2099 venenum
526 2078 577 2101 me
601 2073 761 2104 terrenum

324 2114 391 2146 Fac
415 2124 554 2148 amorem
577 2126 730 2157 spernere

278 2162 328 2194 Ac
352 2171 463 2195 secura
487 2164 583 2196 sorde
606 2174 687 2204 pura

327 2209 485 2243 Christum
510 2212 577 2244 vita
602 2221 741 2248 cernere.

244 2298 250 2306 .
277 2269 381 2306 Mater
407 2272 535 2313 Christi,
558 2283 650 2313 quem
674 2277 792 2315 pavisti

323 2321 412 2353 Inter
436 2323 491 2352 tua
510 2320 652 2363 brachia,

278 2367 519 2411 ContemplariS,
547 2370 641 2403 stella
665 2373 771 2416 maris,

323 2416 441 2457 Regem
466 2425 551 2449 nunc
573 2417 606 2449 in
631 2419 742 2460 gloria.

876 234 930 266 32.
957 229 1143 268 Benedicta,
1174 239 1255 269 quae
1278 231 1395 262 amicta

1004 280 1050 312 Es
1074 279 1228 311 virtutum
1251 276 1394 318 fioribus,

960 328 1009 359 Tu
1033 334 1107 366 spes
1131 324 1205 366 reiS‚
1234 333 1360 365 precor,
1387 325 1466 356 meis

1004 374 1161 407 Succurre
1187 372 1359 405 doloribus.

875 438 930 470 33.
956 432 1148 468 Eternorum
1176 433 1229 466 fac
1253 432 1417 474 bonorum,

1005 483 1138 523 Quaeso,
1160 491 1212 513 me
1235 481 1439 524 participem,

958 532 1044 569 Quae
1068 538 1240 571 supernum
1270 531 1303 560 et
1324 531 1489 561 aeternum

1005 578 1150 610 Genuisti
1175 577 1365 617 principem.

875 641 929 673 34.
956 636 1040 674 Nata
1067 640 1167 678 ducis,
1194 642 1229 671 tu
1253 639 1404 680 perducis

1004 688 1052 720 De
1075 691 1204 720 terrena
1227 686 1334 728 patria

961 736 1030 767 sibi
1054 738 1146 768 notos
1171 744 1210 767 ac
1236 737 1367 768 devotos

1001 784 1054 816 Ad
1082 784 1241 816 caelorum
1266 783 1359 817 atria.

953 842 1125 887 Equitatis,
1154 845 1334 877 sanctitatis

1002 892 1120 928 Confer
1144 892 1385 932 abundantiam,

954 942 1022 981 Qua
1047 942 1172 981 collata,
1199 941 1288 982 virgo
1313 942 1415 981 grata,

1000 990 1051 1022 Da
1075 989 1356 1029 perseverantiam.

953 1044 1006 1080 Da
1028 1048 1191 1079 timentem
1210 1046 1288 1078 mihi
1312 1048 1449 1078 mentem

998 1096 1043 1128 Et
1067 1097 1225 1127 amantem
1249 1093 1430 1134 Dominum,

953 1144 1174 1177 Paenitentem
1199 1151 1237 1175 ac
1262 1140 1430 1174 deflentem

1001 1191 1195 1223 Pravitatem
1222 1190 1399 1222 criminum.

951 1250 1043 1288 Inter
1066 1251 1181 1284 fluctus
1206 1255 1302 1293 atque
1325 1253 1429 1285 luctus

1000 1301 1183 1334 Praesentis
1210 1299 1312 1332 exsilii

953 1349 1123 1390 Nunquam
1139 1349 1226 1380 sinas
1244 1356 1296 1380 me
1312 1357 1372 1388 per
1386 1348 1495 1387 spinas

1000 1396 1137 1429 Interire
1159 1396 1241 1429 vitii.

874 847 928 879 35.

872 1048 926 1080 36.

871 1253 927 1286 37.

873 1459 928 1492 38.
956 1456 1061 1500 casta,
1088 1460 1143 1500 pia
1166 1468 1251 1490 nunc
1274 1459 1307 1490 in
1333 1458 1386 1490 via

1001 1507 1066 1539 Per
1088 1511 1122 1539 te
1146 1506 1199 1540 fac
1221 1509 1259 1538 ut
1281 1506 1415 1539 habeam

954 1554 1067 1587 Fidem
1075 1557 1205 1595 rectam,
1212 1564 1301 1595 spem
1308 1552 1492 1594 perfectam,

1003 1602 1178 1635 Caritatem
1202 1603 1340 1644 igneam.

954 1661 1003 1699 Tu
1028 1666 1153 1707 decora,
1178 1673 1304 1704 precor,
1331 1672 1398 1703 ora,

998 1712 1045 1745 Ut
1069 1713 1124 1745 det
1147 1712 1226 1745 mihi
1250 1712 1335 1745 filius

950 1758 1063 1792 Finem
1074 1760 1202 1799 bonum,
1215 1761 1300 1801 quod
1314 1762 1363 1792 est
1377 1759 1493 1792 donum

998 1808 1089 1841 Omni
1117 1809 1199 1841 dono
1224 1808 1348 1842 melius,

947 1867 1029 1911 Ave,
1054 1873 1131 1902 nata
1155 1870 1223 1903 Deo
1249 1874 1351 1912 grata,

997 1919 1060 1950 Per
1084 1921 1117 1949 te
1140 1918 1221 1951 turis
1248 1919 1404 1959 virgulam

949 1965 1005 1998 Me
1029 1967 1156 1998 virtutis
1183 1968 1215 1997 et
1239 1966 1352 1999 salutis

993 2013 1061 2046 Fac
1084 2014 1219 2054 implere
1243 2015 1397 2055 regulam.

948 2073 1008 2114 Tu,
1034 2076 1181 2116 benigna,
1208 2077 1277 2109 Deo
1303 2077 1410 2118 digna,

993 2123 1070 2167 Fac,
1097 2126 1134 2155 ut
1157 2124 1248 2156 bonis
1272 2123 1398 2164 fulciar,

948 2172 1076 2212 Precor,
1104 2180 1185 2211 meo,
1213 2171 1264 2210 da,
1290 2181 1332 2203 ne
1356 2173 1425 2205 Deo

994 2219 1057 2251 Per
1081 2221 1243 2250 tonsuram
1267 2221 1414 2253 mentiar.

947 2278 1016 2314 Vas
1041 2280 1173 2320 pudoris
1197 2282 1229 2311 et
1252 2282 1394 2323 honoris,

993 2328 1062 2361 Tua
1085 2336 1136 2358 me
1161 2327 1330 2362 clementia

948 2376 1002 2409 Sic
1025 2376 1209 2416 praecedat,
1236 2386 1277 2409 ne
1300 2387 1352 2411 me
1372 2380 1481 2413 laedat

993 2422 1104 2456 Hostis
1125 2422 1305 2459 insolentia.

871 1665 926 1697 39.

866 1870 922 1902 40.

864 2075 920 2107 41.

865 2282 921 2313 42.
