1651 2700
127 200 182 232 44.

128 612 185 646 45.

129 1022 185 1055 46.

135 1434 190 1468 47.

128 1848 188 1881 48.

129 2265 184 2298 49.

655 100 883 137 —13-

208 198 299 231 Haec
324 200 373 230 est
397 206 473 230 arca
498 199 662 232 continens

256 256 375 279 manna
400 247 581 288 delicatum,

209 294 300 327 Haec
324 295 427 326 sancti
451 295 626 327 sacrarium

257 342 392 383 spiritus
416 345 587 384 sacratum,

209 389 300 423 Haec
320 388 423 423 funda
445 390 605 431 proiciens

258 440 393 480 petram,
421 447 483 478 qua
507 441 701 477 prostratum

213 485 265 519 Ab
291 485 403 518 inermi
429 486 562 526 legimus

259 533 389 567 Golia‘ch
413 537 579 568 armatum.

211 609 302 643 Haec
327 612 376 642 est
399 610 490 650 virga
512 608 628 642 florida

259 658 358 697 Iesse,
383 657 485 697 patris
510 657 628 694 David,

213 706 315 738 Stella
338 704 445 745 Iacob,
471 704 603 737 Balaam

263 753 303 785 de
329 761 390 793 qua
414 753 631 792 prophetavit,

211 801 311 840 Haec,
337 799 482 832 auditum
506 798 566 833 filii

260 848 347 880 cuius
368 847 570 887 auscultavit,

211 897 303 929 Inter
327 895 478 928 animalia

258 943 413 977 Habacuc
437 946 470 975 et
492 944 593 983 pavit.

212 1021 311 1060 Haec,
339 1021 479 1053 clausam
504 1018 654 1052 Ezechiel

261 1077 354 1109 quam
380 1066 596 1101 consideravit

213 1117 324 1158 Porta,
351 1117 401 1148 vir
425 1124 485 1148 nec
508 1115 585 1147 exiit

260 1173 320 1204 per
345 1173 438 1205 quam
461 1172 520 1196 nec
542 1162 688 1201 intravit,

213 1212 304 1245 Haec
328 1213 468 1245 cisterna
490 1210 688 1250 Bethlehem,

263 1259 352 1292 cuius
376 1259 555 1292 asservavit

216 1309 342 1348 Aquam
365 1308 485 1348 David,
514 1306 650 1339 Domino

261 1355 330 1389 Deo
355 1365 449 1397 quam
472 1355 597 1387 libavit.

218 1434 320 1473 Hanc,
346 1435 383 1465 ut
405 1431 514 1465 brevis
537 1438 713 1470 persequar

261 1480 378 1513 seriem
402 1479 569 1519 sermonis,

213 1529 354 1571 Mystice
377 1526 557 1569 significant

261 1576 362 1610 vellus
389 1575 561 1615 Gredeonis,

212 1624 320 1665 Moysi
345 1633 401 1657 vas
427 1624 596 1663 scirpeum,

261 1673 394 1705 thronus
416 1671 605 1711 Salomonis,

213 1722 356 1754 Aureum
383 1720 609 1753 candelabrum

261 1772 293 1801 et
316 1778 406 1802 mons
432 1768 573 1802 visionis,

212 1846 343 1889 Mulier,
369 1845 428 1878 sub
454 1844 591 1886 pedibus

260 1903 341 1936 quae
369 1895 476 1926 lunam
501 1893 632 1926 tenebat

210 1942 257 1976 Et
278 1945 367 1975 veste
392 1942 590 1974 circumdata

260 1991 338 2023 solis
362 1990 551 2031 apparebat,

212 2039 351 2072 Mariam
376 2038 543 2081 aptissime

261 2087 391 2129 signans
419 2086 583 2128 innuebat,

214 2136 303 2176 Quae
328 2145 439 2168 verum
463 2134 606 2168 iustitiae

260 2185 360 2218 solem
385 2184 543 2225 pariebat.

215 2262 404 2303 conquievit
424 2261 537 2303 populi

260 2320 404 2343 murmur
428 2319 503 2343 mox
527 2311 651 2351 aperto,

212 2360 305 2400 Quod
332 2367 415 2400 aqua
438 2358 478 2390 de
499 2358 590 2390 silice

259 2407 353 2442 fluxit
376 2408 410 2440 in
438 2407 575 2448 deserto,

813 420 868 453 50.

816 829 872 863 51.

894 199 1003 241 Virga,
1030 207 1093 238 qua
1115 198 1293 239 percutitur

940 248 975 279 in
1000 256 1076 279 saxo
1101 248 1240 287 reperto,

893 295 1035 335 Virginis
1060 296 1111 326 est,
1132 292 1228 336 filius,

939 346 976 374 ut
998 343 1106 382 placet
1130 341 1260 374 diserto.

893 420 956 452 Illa
980 417 1183 457 lerosolymis

942 467 1053 498 salutis
1078 465 1212 506 piscina,

894 515 934 547 In
959 522 1052 555 quam
1079 512 1345 545 descendentibus

943 562 1037 594 datur
1058 560 1226 602 medicina,

897 610 1045 650 Intellegi
1068 608 1188 648 poterit

944 658 1023 690 haec
1045 657 1156 689 mundi
1180 656 1297 699 regina,

899 709 986 745 Quae
1009 704 1155 737 medetur
1178 702 1338 744 languidis

945 754 1062 785 virtute
1088 752 1206 785 divina.

897 830 959 861 His
984 831 1016 860 et
1039 828 1256 861 huiuscemodi

945 876 1039 908 rebus
1066 876 1241 918 designata,

897 925 965 957 Iam
990 932 1089 963 supra
1116 924 1292 964 caeligenas

946 980 1053 1003 omnes
1079 971 1228 1010 exaltata,

898 1019 1126 1052 Gondescende
1148 1018 1273 1050 miseris

946 1075 963 1099 o
989 1066 1078 1107 virgo
1103 1064 1207 1109 beata,

898 1115 977 1155 Quia
1005 1116 1115 1146 nostra
1142 1114 1258 1146 diceris

947 1165 980 1194 et,
1005 1171 1037 1194 es
1063 1162 1248 1194 adovocata.

864 1263 870 1270 .
897 1239 1029 1281 Regina,
1057 1246 1138 1278 quae
1162 1237 1326 1279 praesides

946 1289 978 1319 et
1002 1287 1174 1327 primatum
1198 1288 1287 1318 tenes

900 1334 1003 1375 Super
1027 1342 1135 1366 omnes
1159 1333 1309 1374 virgines,

946 1384 1077 1415 iuvenes
1101 1384 1131 1413 et
1156 1389 1256 1424 senes,

899 1430 983 1464 Reos
1007 1429 1180 1462 reconcilia

946 1486 1055 1511 servos
1080 1486 1150 1509 eum
1175 1485 1284 1517 penes,

897 1526 958 1566 Qui
983 1526 1081 1558 corda
1106 1524 1260 1558 diiudicat

946 1576 979 1606 et
1002 1576 1164 1606 scrutatur
1187 1581 1291 1605 renes.

899 1651 947 1684 'Tc
972 1650 1172 1683 commendat
1195 1650 1298 1691 gloria

944 1702 1080 1732 matrem
1102 1697 1268 1739 virginalis

899 1747 969 1781 Nec
994 1745 1130 1780 deflorat
1151 1746 1309 1787 virginem

946 1799 1059 1838 partus
1082 1793 1201 1834 filialis,

900 1844 949 1878 De
974 1847 1008 1875 te
1026 1843 1135 1883 prodit
1160 1842 1245 1875 filius

947 1891 1034 1933 patri
1059 1890 1239 1931 coaequalis

900 1940 944 1974 Et
970 1940 999 1972 ei
1018 1949 1078 1981 per
1102 1939 1208 1972 omnia

952 1987 1225 2021 consubstantialis
1237 2014 1240 2020 .

869 2091 876 2098 .
901 2065 1017 2110 Maria,
1044 2065 1230 2098 dulcissima

948 2117 1052 2146 mater
1080 2114 1262 2152 salvatoris,

903 2164 990 2204 Quae
1013 2164 1196 2195 sanctorum
1223 2160 1362 2194 omnium

950 2220 983 2244 es
1008 2210 1156 2251 praelata
1181 2208 1296 2247 choriS,

902 2259 1096 2298 Recordare,
1124 2265 1323 2299 quaesumus,

949 2307 997 2340 tui
1026 2306 1110 2347 quod
1134 2305 1263 2338 honoris

902 2356 1032 2389 Summa
1056 2355 1098 2387 sit
1123 2353 1248 2386 occasio

952 2404 1047 2445 culpa
1073 2401 1262 2444 peccatoris.
