1651 2700
661 145 921 181 —183—

147 238 201 270 70.
226 236 319 269 Licet
348 238 440 271 nobis

277 294 382 324 poena
405 287 448 318 sit
473 287 592 330 vivere,

228 331 368 365 Multum
394 337 499 367 tamen

276 389 334 412 nos
360 380 440 414 facit
464 385 602 415 tremere

226 427 329 468 Mors,
356 438 452 468 quam
476 438 569 463 nemo

275 478 383 515 potest
407 477 554 518 effugere,

228 523 292 555 Sed
319 525 406 556 tuum
433 528 483 558 est

278 571 370 603 nobis
402 573 578 607 consulere.

148 647 202 681 71.
231 647 297 678 Nos
322 648 470 681 timemus

277 695 388 727 horam
414 697 629 741 novissimam,

228 742 349 774 Horam
375 744 489 776 mortis

278 792 310 821 et
336 791 419 823 diem
445 791 599 830 ultimam,

228 837 310 877 Quia
333 838 453 870 laesam

274 884 427 917 habemus
452 886 600 928 animam,

229 932 295 965 Sed
323 933 365 965 da
388 933 482 966 nobis

276 984 310 1011 tu
335 989 425 1020 spem
449 979 674 1013 firmissimam.

146 1057 201 1089 72.
227 1056 351 1088 Auctor
378 1057 463 1089 vitae

276 1112 334 1135 nos
356 1105 439 1136 mori
463 1104 575 1146 noluit,

230 1150 295 1183 Sed
319 1160 379 1191 pro
404 1151 497 1184 nobis

277 1202 413 1232 mortem
438 1199 597 1243 sustinuit,

230 1246 290 1286 Qui
314 1246 348 1278 in
371 1250 476 1279 morte

276 1294 365 1333 pavit
392 1297 424 1326 et
446 1295 563 1335 timuit,

229 1341 309 1374 Eius
339 1342 435 1374 timor

279 1397 369 1429 spem
395 1390 487 1423 nobis
511 1389 635 1423 tribuit.

147 1466 201 1498 73.
230 1465 322 1497 Viam
346 1466 458 1498 mortis

277 1522 385 1545 omnes
409 1512 608 1554 ingredimur

227 1562 272 1594 Et
295 1564 370 1602 post
396 1569 464 1593 eam

274 1617 435 1649 nunquam
466 1608 665 1648 revertimur,

227 1657 278 1688 Ex
304 1665 365 1697 quo
390 1655 491 1697 magis

274 1704 390 1736 timore
413 1704 598 1744 premimur,

226 1753 289 1785 Per
313 1755 347 1783 te
371 1756 477 1784 tamen

273 1800 306 1831 in
331 1809 421 1840 spem
447 1799 608 1839 erigimur.

143 1879 198 1911 74.
225 1877 294 1909 Nos
317 1876 352 1907 in
375 1875 495 1908 mundo

272 1925 435 1956 nascendo
460 1923 569 1955 viliter

224 1973 270 2005 Et
298 1971 435 2004 vivendo

273 2020 502 2052 miserabiliter

223 2067 428 2102 Festinamus

274 2116 317 2148 ad
340 2120 474 2148 mortem
499 2115 628 2156 iugiter,

223 2166 261 2198 In
285 2167 319 2196 te
342 2167 449 2197 tamen

271 2214 432 2253 sperando
457 2210 604 2245 firmiter.

140 2292 195 2325 75.
220 2290 304 2331 Heu,
331 2298 445 2323 revera

270 2338 350 2370 viles
375 2340 407 2370 et
431 2337 551 2378 miseri,

220 2387 281 2429 Qui
305 2395 379 2419 mox
404 2385 472 2419 nati

270 2435 413 2476 cogimur
438 2435 572 2478 conteri,

918 242 1087 275 Efficimur

965 290 1084 323 similes
1109 290 1245 330 pulveri,

917 338 1131 378 Properantes

965 386 1007 418 ad
1031 388 1142 426 portas
1163 384 1271 418 inferi.

837 461 892 494 76.
920 461 984 493 Sed
1009 465 1055 500 tu,
1081 462 1189 494 David

965 509 1072 549 proles
1100 508 1295 551 dignissima,

916 556 1087 589 Mulierum

965 605 1054 645 virgo
1079 604 1305 645 pulcherrima,

918 651 1005 685 Urbs
1030 652 1157 696 regalis,

965 699 1063 731 turris
1091 698 1276 742 fortissima,

916 746 1066 778 Defende
1088 756 1147 778 nos

965 804 984 826 a
1008 796 1111 826 morte
1135 794 1283 834 pessima.

835 869 889 901 77.
918 869 1046 902 Concha
1070 870 1167 909 plena

965 917 1047 949 roris
1074 917 1255 960 dulcedine,

919 963 1014 997 Caelo
1039 973 1153 1004 regnas

966 1021 1036 1044 cum
1061 1021 1181 1043 summo
1206 1012 1364 1053 principe,

916 1060 1033 1091 Preces
1058 1061 1184 1091 nostras

964 1105 1093 1139 auribus
1118 1107 1251 1148 percipe

916 1153 962 1185 Et
984 1154 1019 1186 in
1040 1152 1104 1185 fine

963 1211 1021 1234 nos
1047 1204 1151 1233 tecum
1177 1201 1295 1241 recipe.

834 1277 889 1310 78.
915 1277 1154 1319 Languentibus

964 1326 998 1357 in
1023 1326 1220 1366 purgatorio,

917 1373 977 1413 Qui
999 1375 1178 1414 purgantur

964 1421 1081 1452 ardore
1104 1420 1201 1452 nimio

916 1467 961 1499 Et
984 1470 1173 1507 torquentur

964 1515 1033 1547 sine
1054 1515 1206 1555 remedio,

917 1561 1091 1594 Subveniat

962 1613 1018 1642 tua
1043 1610 1230 1650 compassio.

834 1686 890 1718 79.
917 1685 942 1718 Ο
967 1685 1040 1719 fons
1065 1689 1189 1726 patens,

962 1735 1016 1775 qui
1043 1734 1153 1774 culpas
1179 1733 1294 1773 abluis,

915 1782 1030 1814 Omnes
1055 1782 1145 1814 lavas

964 1833 996 1861 et
1018 1830 1139 1862 nullum
1167 1830 1302 1870 respuis,

912 1878 1047 1910 Manum
1069 1880 1157 1909 tuam

961 1925 1091 1966 porrige
1115 1925 1260 1965 mortuis,

914 1973 974 2012 Qui
996 1975 1028 2006 in
1051 1974 1163 2012 poenis

958 2022 1111 2062 languent
1135 2022 1302 2056 continuis,

830 2099 885 2132 80.
911 2098 964 2130 Ad
990 2100 1032 2142 te,
1059 2097 1123 2141 pia,

961 2146 1126 2187 suspirant
1150 2147 1268 2179 mortui

912 2194 1085 2234 Cupientes

961 2243 1001 2275 de
1024 2242 1136 2284 poenis
1162 2242 1230 2274 erui

909 2290 955 2323 Et
978 2291 1094 2323 adesse

960 2341 1014 2371 tuo
1041 2338 1228 2379 conspectui

912 2387 957 2419 Et
980 2387 1105 2428 gaudiis

959 2435 1097 2468 aeternis
1122 2432 1256 2476 perfrui.
