1651 2700
621 130 880 167 —207—

468 225 513 258 Et
537 226 681 260 homines
705 230 739 259 et
762 227 891 267 quaevis
915 227 989 268 alia,

468 274 556 314 Quae
580 275 639 307 sub
666 276 753 308 eaelo
778 277 852 307 sunt
877 274 1072 314 exsistentia,

468 321 547 361 Ipsa
571 324 678 355 tamen
702 322 807 355 laudis
833 322 967 356 materia

467 369 531 401 Tot
555 372 588 402 et
611 372 701 402 tanta
724 370 856 403 laudum
879 370 1017 411 insignia

468 415 644 457 Superares
669 418 787 459 insigni
811 418 925 460 gratia.

436 510 443 518 .
469 482 557 524 Ergo
584 492 654 515 cum
679 483 739 516 sim
760 483 877 526 pulviS‚
903 483 1008 523 limus,

469 531 561 563 Faex
584 531 732 573 putredo,
758 530 869 575 lutum,
894 531 997 571 fimus,

472 577 606 622 Umbra,
633 577 738 610 fumus
764 580 796 610 et
817 578 864 611 nil
888 578 966 621 fere,

469 625 585 658 Nonne
610 625 711 659 debeo
734 624 867 659 tacere?

470 673 612 715 Reginae
635 682 712 706 vero
733 674 873 706 omnium

471 720 584 753 Cuncti
612 720 729 753 debent
751 721 968 762 praeconium,

469 768 609 800 Matrem
632 768 697 801 Dei
719 769 911 809 praedicare

467 815 574 849 Debet
599 816 730 860 eaelum,
755 819 852 857 terra,
881 825 985 857 mare;

470 863 569 904 Ergo,
594 864 673 895 iicet
697 872 754 904 ego
776 864 894 896 vermis

470 911 524 943 Ad
548 911 610 943 hoe
634 919 714 951 opus
739 912 798 944 sim
822 911 963 953 inermis,

438 1005 445 1013 ,
474 977 521 1009 Te
545 976 678 1010 laudare
702 979 810 1009 tamen
833 978 953 1017 esuri03

475 1025 541 1058 Sed
565 1034 616 1057 me
641 1024 768 1057 fraenat
791 1033 863 1057 mea
885 1024 1032 1066 pollutio,

471 1072 555 1105 Mihi
581 1072 686 1105 calcar
710 1074 766 1105 tua
791 1072 930 1113 (11100110,

474 1120 557 1152 Mihi
581 1119 726 1153 fraenum
750 1128 822 1152 mea
846 1119 1000 1160 confusio,

472 1167 557 1200 Mihi
581 1167 686 1200 ealear
709 1170 767 1200 tua
790 1166 969 1208 elementia,

473 1215 556 1248 Mihi
581 1214 727 1248 fraenum
751 1223 823 1247 mea
846 1215 985 1247 miseria.

443 1307 451 1315 .
479 1282 543 1315 Sed
568 1291 619 1314 me
645 1282 739 1326 cogis,
768 1291 838 1314 eum
862 1282 906 1314 sis
930 1281 988 1315 illa

476 1330 538 1362 Dei
562 1333 666 1363 mater
691 1332 723 1362 et
747 1330 875 1370 aneilla,

477 1377 553 1410 Sola
576 1386 656 1418 prae
681 1377 803 1411 eunctis
828 1376 1011 1418 tranquilla,

477 1425 564 1465 Quae
587 1426 693 1458 lumen
719 1425 918 1457 aeternitatis

474 1473 593 1506 Merito
619 1472 807 1506 humilitatis

476 1520 554 1554 Cum
578 1519 658 1554 flore
682 1520 874 1561 virginitatis

472 1570 574 1602 Partu
597 1568 750 1601 novitatis
773 1568 876 1601 mirae

473 1616 626 1649 Meruisti
648 1616 811 1657 parturire

472 1664 518 1697 Et
541 1666 617 1697 nato
642 1672 752 1697 servos
776 1664 879 1698 unire.

441 1760 448 1768 .
475 1731 606 1765 Summa
629 1739 753 1764 summe
776 1730 909 1771 placens
933 1730 1014 1774 Deo,

474 1779 551 1813 Sola
574 1780 705 1820 placens
732 1778 821 1811 cordi
847 1787 918 1811 meo

474 1828 559 1860 Prae
585 1827 707 1860 eunctis
731 1829 866 1866 excepto
890 1826 971 1868 Deo,

474 1875 525 1908 Tu
548 1875 618 1907 sola
642 1883 764 1906 summe
785 1877 862 1915 post
885 1874 989 1907 Deum

473 1923 567 1957 Meus
592 1931 690 1962 amor,
719 1922 816 1954 decus
840 1930 955 1962 meum,

475 1971 552 2004 Mea
575 1971 642 2011 lux,
669 1978 774 2003 meum
798 1970 955 2010 iuvamen,

474 2019 550 2052 Mea
574 2027 661 2059 spes,
686 2027 792 2050 meum
816 2019 968 2051 solamen.

440 2105 448 2113 .
474 2077 563 2119 Ergo
587 2084 687 2117 parce
713 2076 869 2118 diligenti,

475 2125 523 2158 Te
545 2125 681 2158 laudare
705 2124 836 2168 sitienti,

473 2174 535 2215 Tu,
561 2181 642 2214 quae
667 2173 774 2214 parcis
800 2172 962 2214 peccatori

471 2221 587 2255 Nonne
610 2230 724 2262 parces
749 2220 937 2255 laudatori?

473 2270 547 2303 Non
572 2279 643 2302 sum
668 2270 783 2312 dignus
807 2269 982 2314 nominare,

471 2319 571 2359 Quam
593 2327 763 2359 praesumo
790 2319 1021 2362 commendare,

473 2366 538 2401 Sed
564 2367 634 2408 quis
659 2369 772 2408 posset
795 2376 859 2399 non
884 2366 1027 2408 laudare,

471 2416 573 2456 Quam
597 2416 734 2449 multum
757 2415 876 2456 gaudet
899 2423 1019 2448 amare.
