1651 2700
660 155 703 160 -
754 135 798 171 65
847 155 887 161 -

572 238 622 270 43.
654 239 695 271 ne
716 239 812 271 beata
831 239 929 272 Maria
950 239 984 271 V.

401 328 431 361 1.
457 328 537 369 Ave,
566 329 664 370 virgo,
692 329 819 362 virtutis
845 330 1020 370 speculum,

460 375 636 408 Salomonis
662 377 794 409 thronus
819 380 852 409 et
876 376 1040 418 ferculum,

457 423 563 466 Salva,
589 433 665 465 rege
688 424 817 457 fidelem
841 426 994 465 populum

457 471 502 503 Et
527 472 645 504 extolle
668 481 768 513 usque
792 473 826 504 in
850 473 1020 506 saeculum.

399 549 430 580 2.
456 548 634 581 Benedicta
656 549 782 581 Mariae
805 549 939 590 viscera,

457 597 570 637 Caput,
597 606 719 637 manus,
745 599 856 637 pectus
883 600 916 628 et
938 596 1048 637 ubera,

456 644 565 688 Crura,
593 644 692 684 pedes
718 647 750 676 et
772 644 916 676 membra
941 647 1057 687 cetera,

452 694 539 732 Quae
563 694 728 732 gestarunt
752 695 914 732 regentem
938 701 1064 733 supera.

396 768 427 801 3.
453 768 524 799 Ave
550 768 660 800 dicunt
686 768 845 800 caelorum
869 768 1008 812 numina,

456 815 537 855 Ave,
561 818 673 857 mater,
699 816 854 849 virtutum
881 816 1017 860 domina,

452 863 523 895 Ave
548 871 683 905 semper,
711 862 850 904 perfelix
875 863 1010 905 femina3

453 911 517 943 Per
540 913 573 942 te
597 914 707 943 nostra
731 911 896 952 replentur
921 911 1071 952 culmina,

451 958 517 991 Per
540 960 573 990 te
597 958 708 990 mundi
734 958 880 991 delentur
905 959 1047 1000 crimina,

453 1006 538 1038 Tuas
562 1006 673 1038 laudes
700 1009 732 1038 et
755 1009 811 1039 tua
837 1007 978 1039 carmina

452 1053 549 1086 Nulla
573 1056 681 1094 potest
704 1056 835 1095 portare
858 1055 987 1096 pagina.

394 1131 426 1164 4.
453 1130 629 1163 Benedicta
652 1133 708 1163 tua
730 1131 909 1172 progenies,

451 1178 626 1211 Benedicta
649 1179 692 1211 sit
714 1180 770 1211 tua
793 1178 903 1220 facies,

451 1226 627 1259 Benedicta
650 1229 706 1259 tua
729 1227 895 1269 caesaries,

449 1274 564 1306 Totum
586 1283 700 1315 corpus
726 1277 758 1306 et
780 1277 850 1307 tota
873 1275 1014 1315 specie‘33

450 1322 497 1354 Te
521 1322 624 1354 saluto
647 1322 680 1354 in
705 1322 757 1355 die
784 1323 912 1366 centies,

448 1369 560 1402 Flecto
586 1378 668 1410 genu
689 1370 723 1402 in
747 1373 840 1402 nocte
864 1370 979 1411 sexies,

448 1417 623 1450 Benedicta
647 1417 692 1450 sis
716 1418 804 1450 mille
827 1418 942 1453 milies,

104 1541 133 1566 fle
182 1500 263 1545 Orat¹
287 1509 340 1529 ms.
362 1500 592 1530 Caelestinorum
620 1511 695 1530 saec.
722 1500 767 1531 15.
806 1503 876 1531 cod.
898 1503 1006 1531 Meten.
1034 1502 1100 1532 571.
1129 1519 1165 1524 —
1185 1503 1212 1539 4,
1234 1503 1251 1533 6
1272 1504 1312 1532 Et
1330 1505 1414 1533 flecto

152 1546 229 1574 genu
248 1547 290 1566 111.

555 1690 606 1722 44.
634 1691 677 1722 De
696 1691 793 1723 beata
809 1689 910 1723 Maria
930 1691 965 1723 V.

114 1770 146 1803 1.
172 1769 274 1802 Beata
297 1770 359 1803 Dei
383 1771 539 1813 genetrix,
798 1774 829 1807 3.
856 1774 990 1806 Praesta
1015 1773 1093 1806 mihi
1118 1774 1306 1813 subsidium,

174 1818 271 1859 Virgo
301 1818 555 1862 inaestimabilis,
852 1821 937 1853 Dum
961 1821 1023 1854 hoc
1047 1823 1193 1863 relinquo
1218 1823 1390 1864 saeculum,

172 1865 219 1897 Te
243 1874 333 1906 spem
358 1875 460 1899 meam
486 1868 653 1911 constituo,
855 1869 901 1902 Et
926 1878 995 1902 cum
1020 1871 1150 1904 recedet
1171 1871 1314 1914 spiritus,

170 1913 226 1945 Me
249 1914 311 1946 tibi
336 1923 462 1947 servum
486 1914 593 1949 offero.
852 1917 937 1950 Meis
963 1918 1075 1950 adesto
1099 1919 1260 1960 precibus.

111 1991 143 2024 2.
169 1989 253 2022 Fide
276 1993 333 2023 tua
356 1999 407 2022 me
431 1992 569 2035 suscipe,
799 1997 831 2028 4.
858 1993 941 2026 Nam
966 1996 999 2026 te
1024 1998 1145 2037 orante,
1173 1996 1310 2039 domina,

169 2037 255 2070 Nato
280 2040 334 2071 tuo
358 2039 502 2081 restitue,
855 2042 1043 2075 Sanctorum
1068 2047 1200 2085 surgent
1224 2044 1323 2086 milia,

167 2087 244 2119 Mea
266 2085 381 2120 infelix
406 2087 512 2120 anima
855 2089 889 2123 Si
913 2093 949 2122 tu
973 2091 1041 2123 sola
1065 2093 1215 2135 tacueris,

168 2134 242 2167 Non
267 2135 310 2168 sit
331 2136 366 2167 in
390 2134 454 2168 fine
477 2136 614 2178 perdita,
853 2138 922 2171 Vox
948 2139 1009 2172 erit
1032 2141 1121 2174 nulla
1145 2141 1270 2174 ceteris,

451 2215 482 2248 5.
509 2213 587 2246 Noli
610 2214 715 2259 silere,
744 2215 883 2257 domina,

508 2263 589 2296 Esto
612 2262 692 2295 mihi
716 2264 866 2305 propitia,

508 2310 640 2344 Cunctis
664 2311 744 2344 locis
768 2320 819 2344 me
842 2314 985 2355 protege,

506 2360 545 2393 In
569 2359 655 2393 viam
676 2360 766 2402 pacis
792 2361 904 2402 dirige.

167 2444 237 2474 Cod.
257 2446 377 2474 Trecen.
397 2443 446 2481 (ol.
468 2444 675 2483 Olaravallen.)
696 2444 778 2476 1612.
800 2455 876 2476 saec.
900 2445 943 2476 15.

147 2497 272 2525 Dreves.
288 2496 332 2521 Pia.
345 2497 490 2522 Dictamina.
519 2497 548 2522 V.
1200 2502 1217 2524 ὓ
