1651 2700
117 163 171 197 26.
198 164 375 202 Benedicta

244 214 278 246 in
303 218 501 264 mulieribus,

195 260 283 300 Quae
308 265 348 296 de
372 268 435 300 tuis

243 313 339 344 castis
364 314 541 352 visceribus

193 356 353 398 Peperisti

238 414 349 445 pacem
376 409 566 458 hominibus,

191 451 295 486 Plena
316 464 444 497 semper

238 501 330 534 donis
355 507 554 543 caelestibus.

103 573 159 606 27,
186 575 234 608 Tu
260 577 371 612 civitas

234 628 365 664 superni
389 632 536 674 numinis,

183 670 233 702 Tu
264 673 394 707 claritas

230 723 361 759 superni
389 723 528 769 luminis,

180 765 230 797 Tu
256 767 394 809 dignitas

225 816 329 847 nostri
352 820 548 865 propaginis,

177 859 223 891 Et
246 861 347 902 pietas

224 918 365 943 summae
392 913 579 951 dulcedinis.

89 983 145 1017 28.
175 984 239 1017 Per
263 987 296 1018 te
319 989 456 1022 mundus

217 1034 343 1074 accepit
366 1045 510 1080 puerum,

169 1079 235 1111 Per
259 1089 351 1121 quem
376 1085 488 1117 sordes

215 1126 365 1162 lavantur
389 1134 556 1176 scelerum,

165 1174 203 1206 In
228 1177 261 1207 te
286 1181 396 1217 sperat

211 1228 384 1257 conventus
413 1236 601 1273 pauperum,

160 1268 256 1303 Dona
279 1273 335 1305 tua

206 1327 271 1350 non
297 1320 416 1354 habent
440 1333 616 1362 numerum.

74 1392 131 1425 29.
157 1393 265 1426 Mater
291 1395 389 1437 digna

201 1442 335 1483 virginis
360 1447 496 1491 nomine,

150 1487 307 1529 Insignita

196 1535 260 1569 Dei
283 1538 433 1583 imagine,

146 1582 310 1618 Decorata

193 1632 413 1677 similitudine,

145 1677 192 1711 Te
218 1680 404 1716 collaudant

190 1731 375 1763 sanctorum
399 1733 533 1767 animae.

57 1801 113 1834 30.
140 1801 190 1835 Tu
213 1812 247 1836 es
271 1808 360 1839 terra

189 1850 269 1885 dans
293 1851 433 1888 fructum
458 1859 622 1905 optimum,

135 1897 233 1932 Petra
256 1899 359 1934 fluens

180 1950 291 1988 potum
315 1950 539 1997 largissimum,

130 1993 218 2027 Fons
243 1997 428 2033 redundans

176 2042 211 2076 1¹11
236 2042 353 2078 flumen
378 2049 562 2093 maximum,

130 2089 193 2123 Vas
218 2100 386 2128 reservans

173 2148 291 2173 manna
317 2143 545 2182 dulcissimum.

41 2214 99 2250 31.
126 2215 182 2250 Sol
208 2225 252 2258 es,
279 2218 379 2261 virgo,

169 2265 335 2307 ecclipsim
358 2271 516 2314 nesciens,

119 2311 174 2346 Sol
199 2314 233 2346 in
261 2316 359 2349 caelis

165 2361 206 2395 de
230 2364 319 2398 terra
344 2366 461 2412 oriens,

730 85 798 122 179
847 111 890 117 -—

886 187 940 221 Sol
967 190 1008 222 de
1032 192 1129 224 caelis

932 239 1048 270 terram
1074 242 1284 287 prospiciens,

883 282 939 316 Sol
959 287 1086 327 peccati

927 333 1027 366 nubes
1054 335 1237 371 demoliens

797 408 853 441 32.
877 408 949 441 Lux
974 419 1096 453 serena,

925 466 1040 491 aurora
1064 460 1209 503 rutilans,

878 503 1083 539 Peccatorum

922 552 1071 585 tenebras
1096 556 1264 600 ventilans,

872 598 947 631 Tibi
971 601 1107 634 mundus

920 648 1059 680 exsultat
1079 650 1229 695 iubilans,

869 692 959 734 Esto,
987 696 1052 737 pia,

913 750 1013 782 super
1036 752 1094 776 nos
1118 746 1262 786 vigilans.

786 815 841 848 33.
867 816 961 849 Mons
986 819 1142 862 sublimis,

911 865 1023 899 salutis
1047 870 1220 911 speculum,

864 911 923 943 Via
946 913 1039 953 vitae,

907 968 1029 993 morum
1054 966 1280 1009 spectaculum,

859 1005 947 1044 Quae
970 1008 1004 1039 in
1029 1011 1118 1042 caelo

903 1062 1017 1095 regnas
1042 1056 1076 1089 in
1101 1060 1272 1101 saeculum,

857 1099 1069 1136 Christianum

900 1149 1038 1183 defende
1061 1153 1224 1193 populum.

768 1223 823 1257 34.
852 1223 986 1258 Gemma
1010 1226 1134 1269 fulgens

895 1273 1068 1312 splendore
1091 1277 1199 1319 nimio,

844 1320 938 1353 Luna
961 1322 1070 1356 lucens

891 1370 1019 1402 caelesti
1045 1371 1148 1415 radio,

841 1414 1005 1450 Desolatis

888 1466 923 1495 tu
949 1466 1134 1510 consolatio⁷

837 1510 887 1543 Tu
910 1513 1040 1546 tentatis

883 1557 977 1592 firma
1001 1564 1169 1601 protectio.

752 1633 807 1667 35.
834 1634 951 1668 Tribus
975 1637 1059 1671 Iuda

880 1692 979 1724 genus
1004 1686 1234 1732 dignissimum,

831 1730 881 1763 Tu
906 1735 1020 1772 potens
1046 1743 1080 1767 es

876 1781 963 1820 apud
988 1781 1188 1828 altissimum,

827 1826 979 1860 Nostrum
1004 1829 1093 1862 vitae

871 1883 1032 1917 praepara
1056 1880 1195 1911 animum

821 1922 868 1954 Et
896 1923 1035 1957 defende

868 1971 902 2003 in
926 1971 1023 2005 finem
1046 1975 1201 2011 ultimum.

736 2047 791 2081 36.
819 2047 895 2080 Sola
918 2049 1020 2092 virgo,

865 2105 947 2137 quae
971 2102 1102 2132 cunetas
1127 2100 1276 2135 haereses

814 2144 977 2178 interimis

864 2196 896 2225 et
920 2192 1044 2237 frangis
1072 2205 1218 2230 carceres

814 2241 1032 2286 Captivorum,

858 2289 976 2323 adiuva
1001 2301 1161 2333 pauperes

807 2336 853 2370 Et
877 2336 929 2371 fac
953 2348 1006 2373 eos

854 2386 896 2419 ad
921 2387 1021 2421 vitam
1047 2388 1177 2423 celeres.

1110 2443 1168 2474 12*
