1651 2700
768 177 1001 211 ,38-

928 274 980 306 15.
1007 272 1119 304 Laudo
1145 271 1240 303 beata
1262 271 1372 310 ubera,

1009 319 1126 358 Quibus
1152 318 1241 358 virgo
1266 326 1429 358 puerpera

1009 366 1163 406 Vagiente
1187 366 1293 398 Iesulo

1007 413 1130 445 Fundis
1158 413 1210 445 lac
1232 412 1376 452 puerulo.

1006 471 1093 510 Ergo
1119 478 1243 511 precor,
1271 478 1288 500 o
1314 468 1434 509 regina,

1007 519 1054 551 Te
1078 517 1224 557 precanti
1247 520 1282 548 tu
1307 516 1445 557 propina.

1004 565 1223 597 Lacrimarum
1250 564 1380 606 rivulos,

1005 612 1090 652 Riga
1113 612 1228 643 mentis
1254 612 1372 643 oculos.

1005 670 1110 701 Aures
1135 669 1231 701 laudo
1258 669 1441 709 virginales,

1005 716 1124 757 Quibus
1150 725 1244 749 voces
1271 717 1465 749 doctrinales

1006 765 1136 802 Christi,
1161 767 1275 803 mater,
1302 764 1456 796 audiebas

1003 813 1048 845 Et
1071 813 1102 844 in
1131 813 1228 845 corde
1253 811 1452 845 conferebas.

1004 871 1097 910 Ipsas
1124 879 1216 902 aures
1241 880 1326 902 nunc
1348 870 1480 910 inclina,

1004 918 1111 958 Virgo,
1140 918 1219 949 meis
1243 917 1405 959 precibuS‚

1002 966 1073 997 Tua
1099 974 1196 1006 prece
1221 974 1284 997 vox
1309 966 1419 997 divina

1001 1013 1086 1045 Meis
1114 1016 1207 1045 sonet
1230 1013 1371 1046 auribus.

1004 1071 1103 1102 Vultu
1129 1074 1161 1102 te
1185 1071 1282 1103 laudo
1307 1072 1473 1113 virginem,

1002 1118 1057 1150 Ad
1082 1121 1169 1150 tuam
1188 1119 1459 1158 pulchritudinem

1004 1165 1087 1198 Solis
1112 1167 1269 1206 stupescit
1291 1168 1411 1205 radius,

1002 1213 1109 1245 Patris
1134 1214 1257 1246 occurit
1279 1214 1374 1248 filius.

1002 1271 1066 1303 Per
1091 1271 1176 1303 hunc
1201 1275 1365 1312 aspectum
1385 1271 1533 1306 flon'dum

1001 1319 1130 1351 Vultum
1155 1320 1270 1351 mentis
1296 1319 1349 1353 fac
1373 1322 1513 1354 lucidum

1000 1367 1039 1399 In
1065 1367 1221 1399 castitatis
1246 1368 1314 1400 lilio

999 1414 1044 1446 Et
1067 1415 1250 1449 intellectus
1274 1417 1377 1451 radio.

997 1472 1102 1505 Pedes
1127 1473 1221 1505 laudo
1247 1475 1436 1518 sanct-itatis,

999 1521 1059 1560 Qui
1084 1519 1212 1553 fervore
1238 1523 1380 1555 caritatis

271 279 302 311 7.
329 278 431 310 Tuum
457 278 602 309 collaudo
628 276 783 318 spiritum,

327 326 386 365 Qui
412 334 472 365 per
495 324 618 356 dulcem
644 323 830 364 paraclitum

331 373 421 405 Novo
447 372 562 412 gaudet
588 371 729 412 tripudio

327 420 394 452 Tuo
422 420 537 452 dilecto
562 418 638 451 filio.

272 478 302 510 8.
328 477 435 517 Unde,
464 478 566 508 mater
590 475 739 516 laetitiae,
926 472 981 505 16.

329 523 490 557 Perfunde
515 523 581 554 risu
605 522 726 562 gloriae

325 571 456 604 Flentes
480 580 514 601 in
541 571 601 601 hoc
625 569 734 600 exsilio

327 619 394 650 Tuo
420 616 507 649 felici
530 617 655 657 gaudio.

270 677 300 709 9.
328 676 352 708 Ο
378 674 464 706 beati
489 674 580 713 oculi,
925 670 979 703 17.

327 722 444 761 Quibus
469 721 569 752 lucem
596 720 714 751 ‹=aeculi

325 768 473 801 Meruisti
499 776 628 800 cernere

322 816 389 847 Tuo
420 818 535 846 tectam
561 815 688 846 vellere.

243 875 296 907 10.
322 873 418 915 Ergo,
445 872 553 904 mundi
580 872 716 904 domina.
922 872 976 904 18.

319 920 426 951 Meum
448 928 502 951 cor
525 920 677 959 illumina,

322 967 368 1000 Ut
394 967 426 998 in
452 968 525 999 Iesu
551 966 664 998 faciem

322 1014 436 1046 Totam
459 1014 539 1054 figat
562 1015 674 1047 aciem.

242 1074 295 1106 11.
323 1071 424 1104 Ulnas
449 1072 544 1104 laudo
569 1072 767 1104 venerandas
924 1073 979 1105 19.

319 1121 426 1158 Atque
451 1128 562 1151 manus
587 1120 777 1159 adorandas,

323 1167 408 1205 Quae
420 1169 545 1206 gestant
555 1168 658 1199 Iesum
670 1168 849 1207 parvulum.

321 1214 460 1246 Verbum
485 1217 626 1246 tractant
646 1213 847 1249 infantulum.

240 1274 293 1305 12.
319 1272 439 1311 Ipsum,
466 1280 552 1311 rogo,
579 1272 687 1303 nutrix
710 1272 774 1314 pia,
920 1274 974 1305 20.

318 1318 400 1350 Mihi
425 1317 534 1350 confer
558 1319 590 1350 in
617 1319 677 1351 hac
702 1320 753 1351 via

320 1366 495 1405 Complecti
519 1367 711 1410 mentaliter,

317 1413 471 1445 Tractare
497 1412 645 1446 fideliter.

238 1473 292 1505 13.
319 1471 361 1503 Os
388 1471 532 1503 collaudo
557 1474 709 1515 tenerum,
918 1474 973 1506 21.

319 1518 409 1556 Quod
437 1519 642 1558 praedulcem
666 1529 798 1559 puerum

238 1672 290 1703 14.

320 1565 487 1597 Osculatur
511 1567 638 1605 saepius

318 1612 360 1643 Et
386 1611 515 1644 adfatur
541 1613 674 1648 dulcius,

318 1669 412 1702 Unde
437 1674 521 1708 peto,
552 1673 653 1702 mater
677 1671 748 1715 Dei,

320 1716 403 1747 Puer
426 1716 514 1748 lesus
542 1718 646 1749 cordis
671 1720 732 1750 mei

319 1763 390 1795 The:
404 1773 513 1794 nurum
538 1766 711 1804 possideat,

319 1810 360 1842 Et
387 1820 421 1842 os
446 1811 541 1843 laude
565 1813 698 1852 repleat.

916 1675 972 1707 22.

998 1569 1125 1608 Agnum
1150 1573 1326 1610 sequuntur
1352 1572 1515 1613 caelicum,

998 1615 1124 1648 Novum
1154 1621 1318 1650 canentem
1346 1620 1512 1654 canticum.

998 1673 1094 1714 Hinc,
1118 1683 1243 1718 quaeso,
1272 1681 1376 1709 mater
1394 1678 1531 1712 virtutis,

999 1720 1067 1752 Nos
1095 1722 1241 1755 columna
1266 1726 1342 1757 tuae
1368 1726 1449 1758 lucis

999 1768 1070 1800 Duc
1094 1778 1154 1809 per
1178 1771 1263 1802 viam
1287 1773 1430 1806 iustitiae

998 1817 1051 1849 Ad
1078 1820 1196 1849 statum
1223 1820 1326 1852 dulcis
1349 1823 1484 1861 patriae.

300 1879 379 1902 wrat.
394 1885 432 1903 m:
468 1876 565 1904 Carth.
577 1878 807 1910 Hildesheimen.
822 1893 897 1913 saec.
915 1883 958 1912 15.
980 1883 1050 1911 (jod.
1061 1883 1214 1920 Iosephini
1224 1885 1456 1916 Hildesheimen.
1468 1887 1533 1924 3(6).

224 1916 259 1942 A.
349 1917 427 1941 Orat.
452 1923 505 1942 ms.
527 1916 623 1944 Carth.
643 1917 808 1949 Erfordien.
834 1932 910 1951 saec.
942 1921 985 1950 15.
1005 1920 1230 1959 Trivatbesitz).
1251 1925 1285 1952 B.
1311 1941 1350 1945 ——
1379 1925 1414 1961 2,
1435 1926 1453 1954 2
1474 1928 1534 1956 Sua

224 1952 327 1980 laudat
346 1953 378 1979 B.
398 1967 435 1971 —-
455 1951 482 1985 4,
503 1952 522 1981 4
540 1954 583 1982 Ac
602 1957 635 1982 tu
654 1957 754 1986 vivam
774 1963 805 1987 et
822 1962 983 1997 perfectam
1000 1961 1032 1988 B.
1053 1976 1091 1980 —
1111 1959 1138 1994 5,
1153 1959 1170 1989 3
1190 1962 1232 1989 Et
1250 1965 1437 1999 praeclarum
1449 1967 1483 1994 B.
1495 1983 1534 1987 ——

225 1990 255 2026 6,
276 1988 294 2018 2
314 1990 338 2018 O
357 1990 431 2017 fehlt
449 1991 482 2018 Β.
502 2006 540 2010 -—
559 1992 591 2024 7.
613 1992 633 2021 4
650 1994 687 2021 In
706 1998 756 2024 tuo
776 1999 816 2033 A,
837 1999 879 2027 Et
897 2003 947 2028 tue
969 1999 1002 2027 B.
1024 2013 1061 2017 —
1083 1997 1126 2033 11,
1148 1997 1166 2028 3
1185 2001 1286 2029 Iesum
1304 2006 1423 2040 gestant
1441 2006 1475 2033 B.
1496 2021 1534 2024 —

223 2028 272 2058 14,
293 2026 313 2055 4
332 2028 373 2055 Et
399 2037 430 2055 os
455 2038 550 2057 mcum
574 2030 663 2060 laude
682 2033 742 2062 AB.
763 2051 799 2055 —
822 2036 870 2072 15,
892 2036 910 2066 3
931 2039 1078 2073 vagiente
1103 2039 1227 2074 parvulo
1248 2041 1284 2069 B.
1305 2057 1342 2061 —
1368 2041 1412 2078 15,
1433 2042 1454 2071 4
1471 2045 1532 2072 Lae

222 2066 320 2095 fundis
342 2067 372 2094 Β.
393 2081 431 2085 ἡ
454 2065 497 2097 19,
520 2066 534 2095 1
555 2069 590 2096 In
611 2071 694 2098 vultu
714 2075 743 2100 te
763 2075 825 2102 AB.
844 2091 882 2095 ——
903 2075 947 2108 22,
972 2075 985 2103 1
1007 2076 1092 2105 Unde
1114 2085 1223 2112 quaeso
1244 2080 1304 2108 AB.
1324 2096 1363 2101 —

670 2154 718 2185 24.
746 2156 790 2188 De
809 2157 906 2190 beata
924 2159 1027 2191 Maria
1043 2160 1080 2191 V.

237 2224 266 2256 1,
294 2222 372 2260 Ave,
395 2220 506 2252 mundi
531 2231 603 2261 spes
627 2223 742 2265 Maria,

293 2270 374 2309 Ave,
403 2268 499 2310 mitis,
525 2278 593 2309 ave,
617 2271 681 2310 pia.

340 2317 419 2357 Ave,
445 2316 542 2355 plena
563 2318 675 2358 gratia,

297 2366 376 2407 Ave,
402 2364 492 2404 virgo
515 2364 694 2407 singularis,

296 2413 383 2453 Quae
405 2421 464 2452 per
487 2413 600 2445 rubum
625 2414 799 2454 designaris

344 2460 415 2493 Non
444 2469 570 2500 passum
594 2461 752 2495 incendia.

919 2232 949 2264 2.
976 2231 1056 2270 Ave,
1084 2240 1157 2263 rosa
1180 2234 1337 2276 speciosa,

977 2278 1073 2318 Virgo
1098 2279 1192 2310 nimis
1217 2289 1381 2327 generosa,

1022 2325 1103 2366 Ave,
1129 2327 1218 2358 Iesse
1241 2328 1375 2373 virgula,

975 2372 1070 2405 Cuius
1095 2372 1283 2408 benedictus
1309 2377 1444 2422 fructus,

979 2419 1068 2451 Iesus
1095 2420 1253 2463 Christus,
1278 2428 1380 2459 nostri
1406 2429 1511 2465 luctus

1023 2466 1194 2501 Relaxavit
1223 2470 1359 2508 vincula.
