1651 2700
655 120 917 156 -136-

586 237 633 268 92,
663 234 706 266 De
725 232 821 263 beata
839 229 941 262 Maria
961 227 996 260 V.

174 347 182 356 .
207 322 314 355 Mater
336 320 407 361 Dei,

254 368 359 400 Maria
382 366 515 405 nomine,

206 416 400 448 Praedotata

253 464 402 495 virtutum
429 458 563 491 culmine

205 512 256 542 Ac
281 510 432 541 donorum

253 555 460 594 beatitudine,

208 604 257 636 Ab
282 601 392 636 hostili

254 658 348 682 serva
372 657 430 680 nos
449 645 586 678 turbine.

174 735 181 742 .
207 707 332 740 Mentes
361 707 485 736 nostras

251 752 391 792 peccatis
422 749 557 789 deditas,

207 801 290 840 Quas
315 806 399 830 nunc
422 800 525 829 terret

253 845 364 878 mortis
387 843 620 885 propinquitas,

205 894 275 926 Fac
297 901 437 932 securas,

251 949 333 981 quae
355 948 481 972 sursum
504 938 641 979 liabitas,

207 989 300 1029 Nam,
325 988 440 1028 quibus
464 987 523 1030 vis,

256 1036 351 1068 datur
374 1034 540 1067 securitas.

173 1118 181 1126 .
205 1093 300 1125 Mons
329 1091 484 1132 sublimis,

253 1140 407 1171 iustorum
432 1138 606 1179 speculum,

206 1187 269 1219 Dei
293 1181 419 1226 sponsa,

254 1242 375 1266 morum
402 1232 629 1272 spectaculum,

207 1281 274 1313 Iam
296 1281 331 1312 in
355 1280 451 1312 caelis

254 1337 388 1369 regnans
413 1328 448 1359 iu
468 1326 638 1369 saeculum,

205 1375 297 1408 Dono
321 1375 410 1415 pacis

254 1422 393 1455 reforma
417 1421 580 1462 populum.

176 1506 183 1513 .
206 1480 353 1512 Monstra
377 1479 468 1511 nobis

256 1529 343 1558 tuam
369 1526 566 1558 clementiam

208 1574 300 1607 Piam
323 1573 415 1605 nobis

257 1620 362 1652 dando
388 1619 599 1659 concordiam,

209 1667 278 1699 Nec
302 1668 333 1698 in
358 1666 453 1707 plebe

256 1712 371 1746 fundat
393 1714 557 1755 malitiam,

211 1761 271 1800 Qui
296 1761 412 1792 cecidit

256 1811 390 1849 propter
413 1807 604 1848 superbiam.

177 1891 183 1897 .
209 1865 360 1898 Mirabile

256 1921 403 1953 magnum
428 1912 616 1953 ostenditur,

210 1959 313 1992 Terra
337 1960 447 2001 surgit,

258 2007 389 2045 spiritus
413 2007 540 2048 labitur,

213 2053 317 2087 Ambo
341 2056 493 2094 pugnant,

259 2101 316 2133 sed
342 2100 439 2132 Satan
465 2101 611 2141 vincitur,

210 2148 275 2182 Illa
298 2150 419 2188 regnat,

257 2196 319 2228 iste
342 2194 506 2234 proicitur.

178 2278 186 2287 .
210 2253 327 2293 Mater,
354 2259 434 2292 quae
458 2251 520 2282 scis

258 2308 365 2333 omnes
389 2298 538 2331 scientias

209 2348 255 2381 Et
279 2347 441 2389 cognoscis

256 2395 357 2428 hostis
384 2393 552 2433 versutias,

830 1672 885 1705 10.

831 2062 886 2095 11.

909 307 997 349 Rege
1015 307 1146 344 mentes,

960 355 1038 386 doce
1064 350 1183 386 Christi
1204 350 1271 383 vias

912 401 959 434 Et
981 401 1105 441 perduc
1128 407 1186 431 nos

959 449 1000 481 ad
1027 448 1094 479 eius
1118 445 1258 486 nuptias.

911 506 1007 538 Mitte
1031 504 1130 536 robur

957 552 1070 593 ferque
1093 549 1258 590 praesidia

910 600 981 642 His,
1008 599 1063 640 qui
1086 601 1144 630 tua

957 648 1093 679 narrant
1114 645 1297 686 praeconia,

910 696 955 728 Et
976 697 1014 727 ut,
1037 693 1124 726 facta

958 744 1024 775 sint
1046 740 1221 779 meritoria,

911 791 990 832 Fac,
1014 792 1051 821 ut
1074 790 1166 830 grata

960 839 1026 870 sint
1048 844 1174 876 semper
1198 838 1232 867 et
1253 835 1317 874 pia.

908 894 1051 928 Mundus
1075 901 1229 934 praesens

959 943 1074 982 plenus
1099 940 1228 983 aculeis,

912 990 981 1022 Nos
1006 989 1142 1021 <liversis

960 1036 1145 1077 opprimens
1169 1035 1304 1075 malleis,

912 1085 977 1117 Sed
1000 1084 1088 1115 intra
1110 1083 1192 1115 haec

957 1128 1005 1163 ab'
1022 1130 1123 1163 hostis
1148 1129 1271 1170 laqueis

912 1179 1077 1212 Conserva
1101 1187 1160 1210 nos

956 1227 991 1258 in
1017 1226 1138 1258 cunctis
1163 1224 1291 1265 plateis.

876 1309 884 1316 .
908 1283 1017 1316 Mater
1040 1282 1113 1324 Dei,

957 1339 1016 1370 per
1039 1333 1095 1362 tua
1118 1330 1234 1362 merita

910 1378 978 1410 Nos
1001 1377 1145 1409 infirmos

958 1426 1130 1457 clementer
1153 1424 1263 1464 visita,

911 1473 1015 1505 Visita
1040 1481 1109 1513 nos,

955 1520 1068 1553 mundi
1091 1521 1147 1552 lux
1171 1520 1295 1560 inclita,

909 1568 956 1599 Et
979 1567 1022 1600 ad
1048 1566 1209 1600 Christum

957 1616 1001 1647 sis
1030 1615 1122 1647 nobis
1147 1615 1271 1647 semita.

910 1672 1100 1705 Memoriam

959 1720 1006 1751 tui
1033 1720 1075 1751 da
1098 1722 1244 1752 tenacem

910 1766 956 1800 Et
981 1767 1020 1799 de
1045 1767 1119 1799 Iesu

957 1813 1055 1847 fidem
1077 1815 1308 1859 perspicacem,

891 1903 900 1909 ἱ
911 1863 979 1895 Fac
1003 1862 1106 1895 vitare

959 1910 1111 1942 mundum
1139 1911 1224 1943 hunc
1248 1910 1407 1952 fallacem,

911 1957 1045 1990 Hostem
1071 1966 1195 1998 quoque

957 2014 1090 2037 nimium
1114 2014 1294 2046 procacem.

911 2062 1069 2094 Miserere

959 2110 1083 2142 animae
1107 2110 1254 2152 miserae,

912 2157 998 2196 Quae
1022 2166 1086 2189 non
1111 2161 1219 2197 potest

960 2212 1031 2236 sese
1056 2212 1257 2246 cognoscere,

911 2250 1014 2292 Hanc,
1041 2252 1069 2283 si
1092 2252 1209 2296 placet,

959 2299 1040 2332 velis
1064 2299 1234 2343 instruere,

913 2345 960 2378 Et
984 2347 1026 2378 ad
1051 2345 1213 2379 Christum

961 2401 1089 2435 semper
1111 2395 1283 2427 attrahere.
