1651 2700
684 131 943 166 -173—

164 224 224 257 43.
247 225 322 256 Hoc
345 227 396 256 est
420 225 525 265 dulce,
550 226 613 258 hoc
627 236 781 271 amarum,

245 272 319 304 Hoc
343 275 393 304 est
418 281 539 315 carum,
563 274 646 306 illud
662 284 781 316 rarum,

298 319 363 352 Sed
388 323 516 360 oportet
540 322 696 354 hominem

246 367 300 399 Ad
326 368 388 400 hoc
414 368 508 400 dulce
531 369 702 408 pervenire

246 414 289 446 Et
312 415 484 447 medullam
510 416 657 449 invenire

297 463 359 495 Per
383 463 638 497 amaritudinem.

163 519 220 552 44.
248 519 342 552 Prius
367 520 429 552 Lia
453 521 609 558 maritari,

247 567 342 599 Prius
367 568 489 600 Rachel
517 569 663 608 copulari

295 615 403 647 Debet
425 615 459 647 in
487 616 676 658 coniugium,

246 662 312 694 Per
336 671 501 694 ascensum
527 667 737 704 purpuratum

247 710 310 742 Est
335 710 473 742 eundum
497 711 678 742 inauratum

295 758 349 790 Ad
375 758 623 791 reclinatorium.

164 815 221 847 45.
247 814 378 854 Duplex
403 822 478 854 ergo
502 814 663 847 medicina

244 862 292 894 Te
317 861 439 894 attollit
461 871 481 893 a
506 862 640 902 sentina,

293 910 328 943 Si
354 909 482 950 quando
504 910 701 951 peccaveris,

246 957 291 989 Et
315 961 350 989 tu
375 965 469 988 curre
493 957 672 997 utrobique,

244 1005 403 1037 Praesens
429 1004 511 1036 enim
536 1007 585 1036 est
608 1005 735 1045 ubique,

295 1052 428 1092 Quando
453 1052 666 1085 invocaveris,

854 229 910 261 46.

852 523 908 554 47.

852 816 907 848 48.

935 228 1009 271 Die,
1035 229 1111 268 quot
1136 227 1242 259 credis
1266 227 1422 259 liberatos

935 277 973 309 In
999 279 1163 307 aeternum
1189 274 1415 307 condemnatos

988 324 1057 355 Per⁴
1074 322 1200 356 Mariae
1225 322 1384 364 meritum,

934 371 977 403 Et
995 380 1054 410 per
1067 379 1190 403 crucem
1205 372 1282 410 quot
1294 370 1468 410 salvantur,

935 419 994 458 Qui
1019 418 1167 458 sepulcra
1187 420 1379 449 venerantur

984 465 1105 498 Christi
1129 474 1217 497 more
1242 465 1367 497 debito!

932 522 1028 564 Ecce,
1060 522 1159 565 vides,
1183 524 1268 554 totus
1292 522 1438 565 mundus,

935 570 1069 602 Sanctus
1083 570 1217 601 mundus
1236 572 1268 601 et
1283 570 1464 602 immundus

983 618 1204 657 Cuiuscunque
1228 617 1349 649 ordinis

936 664 1113 705 Utriusque
1137 665 1178 696 ad
1203 664 1354 697 honorem

932 712 1153 744 Attenduntur
1178 715 1210 744 et
1234 721 1375 744 amorem

983 759 1094 792 Crucis
1119 762 1215 799 atque
1238 760 1381 800 virginis.

937 815 1023 848 Crux
1037 816 1187 858 ostendit,
1201 816 1297 849 immo
1307 817 1464 858 Christus,

934 863 994 903 Qui
1017 863 1051 895 in
1077 871 1172 895 cruce
1196 863 1259 895 fuit
1283 864 1375 908 fixus,

980 912 1071 943 Patri
1096 911 1199 943 rivum
1223 912 1395 956 sanguinis,

934 958 1041 990 Mater
1064 960 1185 1001 pectus,
1221 959 1279 995 lac,
1309 960 1466 992 mamillas

934 1005 1109 1045 Tamquam
1134 1009 1208 1038 nato
1233 1006 1326 1040 offert
1348 1008 1433 1048 illas,

982 1053 1072 1085 Haec
1097 1056 1172 1084 sunt
1197 1054 1281 1085 dona
1305 1055 1447 1095 virginis.

346 1110 404 1142 49.
430 1108 529 1149 Audi,
555 1108 781 1149 benignissime
804 1111 898 1149 pater
920 1112 1117 1149 peccatores,

428 1156 493 1188 Per
519 1156 670 1189 dilectum
694 1155 795 1189 filium
820 1156 873 1189 fac
894 1159 953 1189 nos
978 1157 1136 1195 meliores,

426 1203 479 1236 Da
501 1203 594 1235 nobis
620 1204 810 1244 paraclitum
836 1205 1045 1244 corrigentem
1070 1213 1186 1244 mores,

428 1251 453 1284 Ο
481 1251 571 1291 virgo
598 1251 792 1295 dulcissima,
818 1252 911 1284 nobis
934 1253 995 1284 hoc
1019 1252 1181 1293 implores.

226 1317 297 1345 God.
317 1317 467 1345 Matriten.
488 1317 539 1344 Bb
565 1315 627 1344 150.
656 1325 732 1345 saec.
759 1316 804 1345 14.
847 1316 973 1352 (Daraus
998 1319 1030 1345 in
1048 1317 1168 1346 Boletin
1193 1318 1227 1345 de
1255 1318 1285 1346 la
1309 1319 1371 1346 real
1399 1328 1465 1347 aca-

147 1355 246 1382 demia
272 1355 308 1383 de
333 1356 365 1383 la
388 1354 516 1382 historia
535 1355 591 1389 VI,
620 1353 676 1383 396
702 1354 776 1391 sqq.)
801 1372 837 1376 —-
864 1354 893 1390 9,
915 1354 935 1383 4
958 1359 1089 1384 stactem.
1118 1370 1154 1374 —
1176 1354 1224 1389 14,
1246 1354 1264 1383 2
1283 1357 1352 1384 ferit
1374 1358 1407 1385 ei.
1427 1372 1441 1376 —

145 1391 196 1427 24,
219 1391 236 1421 6
262 1393 395 1430 lig-inius-
421 1408 457 1412 —
483 1391 534 1427 41,
556 1392 573 1421 5
595 1393 654 1421 Sed
680 1394 799 1421 adisset.
825 1409 864 1413 —
887 1392 937 1428 47,
960 1393 977 1421 5
1005 1395 1041 1422 ad
1061 1395 1211 1422 honorem.
1234 1409 1268 1413 --
1289 1395 1463 1423 Aufschrift:

147 1432 276 1468 „Incipit
287 1432 392 1460 XXIII
414 1432 517 1465 oratio,
540 1432 685 1467 incipiens
706 1441 758 1468 per
777 1432 907 1460 litteram
921 1430 970 1459 Z.“
1005 1432 1062 1460 Str.
1085 1431 1100 1460 1
1121 1432 1193 1469 geht
1209 1433 1339 1460 namlieh
1353 1434 1464 1470 folgen-

143 1470 195 1497 des
214 1471 332 1498 vorauf:

220 1508 350 1536 Zelatrix
363 1508 523 1536 zelantium
538 1509 649 1536 aeterni
663 1508 792 1542 luminis,
811 1510 950 1536 amatoris
965 1511 1060 1537 tutum
1073 1509 1227 1544 refugium,
1246 1510 1464 1537 inhaerentium

144 1545 261 1574 Christo
295 1545 516 1574 tabernaculum
553 1549 583 1573 et
612 1546 834 1574 reclinatorium
861 1547 931 1574 Iesu
957 1547 1066 1575 Christi
1098 1550 1128 1574 ot
1158 1549 1252 1574 tutum
1280 1548 1465 1584 refrigerium

141 1585 360 1618 innocentium,
390 1584 504 1618 Maria,
543 1587 636 1612 mater
667 1585 746 1612 alma
775 1586 805 1611 et
828 1585 954 1613 fecunda
980 1587 1082 1622 virgo,
1111 1587 1204 1613 mater
1231 1588 1260 1613 et
1285 1587 1465 1623 incorrupta„

143 1623 251 1650 exaudi
282 1632 329 1651 me
362 1623 502 1650 miserum
535 1623 711 1650 clamantem
744 1622 782 1650 ad
815 1625 845 1650 te
872 1623 960 1652 hodie
986 1625 1017 1651 in
1046 1624 1120 1651 meis
1145 1624 1398 1652 tribulationibus.
1428 1640 1465 1644 —

143 1661 297 1689 Verfasser
324 1663 365 1689 ist
384 1660 447 1690 Gil
466 1661 510 1689 de
528 1661 690 1689 Zamora.
731 1661 798 1697 Vgl.
826 1661 878 1689 das
903 1671 970 1689 zum
997 1662 1090 1690 Liede
1109 1662 1235 1698 Ymago,
1265 1663 1389 1700 imitago
1410 1665 1464 1692 Be-

141 1699 264 1727 merkte.

588 1802 652 1833 130.
683 1802 726 1833 De
745 1801 844 1833 beata
863 1801 964 1833 Maria
983 1802 1020 1834 V.

160 1872 193 1905 1.
218 1871 290 1904 Rex
315 1872 443 1905 Christe
469 1872 726 1914 clementissime,

212 1919 263 1951 Tu
288 1920 388 1952 corda
410 1922 521 1951 nostra
543 1920 684 1961 posside,

213 1967 261 2001 Ut
285 1967 345 1999 tibi
372 1967 484 2000 laudes
512 1967 637 2001 debitas

212 2015 401 2049 Reddamus
425 2015 511 2047 omni
537 2019 689 2056 tempore.

153 2074 184 2107 2.
212 2073 386 2118 Memento,
416 2073 529 2105 salutis
555 2078 676 2114 auctor,

212 2121 303 2161 Quod
329 2120 432 2154 nostri
449 2121 611 2161 quondam
630 2123 772 2164 corporis

208 2169 261 2202 Ex
285 2169 411 2202 illibata
436 2169 560 2210 ‚virgine

209 2217 241 2250 N
242 2218 382 2250 ascendo
408 2215 544 2250 formam
568 2219 753 2258 sumpseris,

150 2277 183 2310 3.
207 2275 326 2317 Maria,
351 2277 455 2308 mater
480 2276 613 2317 gratiae,

208 2323 319 2356 Mater
343 2323 597 2364 misericordiae,

206 2371 282 2404 Tibi
309 2372 440 2406 devotos
464 2377 600 2413 protege

208 2420 319 2454 Mores
346 2423 379 2453 et
401 2419 499 2454 vitam
525 2424 659 2462 corrige.

847 1875 880 1906 4.
906 1873 973 1905 Nos
1001 1875 1187 1913 peccatores
1213 1875 1331 1907 adiuva

906 1921 1006 1953 Prece
1032 1925 1086 1954 tua
1113 1922 1272 1964 continua,

906 1968 961 2012 Ut,
988 1969 1144 2010 quidquid
1169 1970 1246 2002 mali
1270 1969 1412 2015 fecimus,

902 2017 989 2049 Tuus
1014 2017 1160 2050 remittat
1184 2017 1279 2052 filius,

845 2075 876 2109 5.
903 2074 1020 2116 Maria,
1046 2077 1150 2106 mater
1175 2076 1308 2120 gratiae,

902 2123 1010 2155 Mater
1034 2123 1286 2165 misericordiae,

901 2171 951 2202 'Pu
975 2180 1032 2203 nos
1058 2170 1098 2204 ab
1125 2171 1216 2203 hoste
1241 2176 1375 2213 protege

900 2219 943 2251 Et
969 2219 1049 2252 hora
1073 2220 1184 2252 mortis
1210 2221 1348 2260 suscipe.

840 2277 872 2310 6.
898 2276 1016 2317 Maria,
1042 2278 1145 2309 mater
1170 2277 1310 2316 Domini,

902 2325 1085 2358 Sacrarium
1109 2325 1271 2368 paracliti,

902 2373 1009 2414 Virgo,
1036 2373 1148 2415 regina
1171 2372 1341 2414 virginum,

901 2421 964 2454 Pro
989 2421 1082 2454 nobis
1108 2430 1165 2453 ora
1189 2420 1372 2456 Dominum,
