1651 2700
664 127 898 163 ,91-

140 221 173 254 3.
199 219 310 262 Virga,
336 222 436 255 rubus
461 225 647 266 appellariS,
826 228 858 260 4.
883 227 991 267 Digna
1015 227 1094 268 Deo,
1119 227 1292 268 interpella

246 268 336 311 Flos,
363 269 514 317 fenestra,
542 274 646 312 ianua,
930 275 995 307 Pro
1019 274 1122 316 nobis,
1149 284 1167 307 o
1191 275 1306 319 Maria,

198 316 307 349 Mater
332 318 404 361 Dei,
430 320 486 352 lux
512 321 637 357 solaris,
882 323 983 356 Prece
1007 326 1063 355 tua
1082 326 1119 353 ut
1142 323 1185 354 ad
1211 332 1269 355 sua

242 365 331 398 Iesse
356 366 456 408 stirps
480 368 627 410 ingenua.
930 370 997 403 Nos
1024 371 1120 403 ducat
1143 370 1275 410 palatia.

200 449 281 476 Orat.
310 459 364 478 ms.
393 452 506 481 Domus
533 454 638 482 Novae
663 454 753 481 Lucis
784 456 853 483 anni
885 453 966 483 1477.
997 455 1067 483 Cod.
1094 455 1279 483 Ultraieetin.
1308 455 1426 492 Scriptt.

123 487 205 515 Eecl.
227 484 290 515 375.
313 505 350 509 -—
371 488 399 523 4,
423 488 437 517 1
459 488 559 528 Digna
578 492 674 520 nobis.
695 506 732 511 —-
752 491 779 528 4,
800 490 818 519 2
837 494 923 522 nohis
942 502 993 521 ora
1012 494 1117 522 Maria.

571 641 611 672 61.
641 641 684 672 De
701 641 798 672 heata
818 641 922 673 Maria
940 643 976 674 V.

137 718 168 751 1.
197 717 320 761 Gaude,
348 722 461 759 mater,
488 721 573 753 vitae
597 723 720 761 portuS,
821 723 851 754 3.
877 723 958 763 Ave,
985 723 1098 754 summi
1123 725 1226 755 mater
1249 724 1343 767 regis,

193 764 246 797 Ex
271 775 334 806 qua
357 767 476 799 mundo
502 768 550 799 sol
576 771 625 800 est
649 773 747 810 ortus,
879 770 966 808 Quae
992 779 1061 802 cum
1085 774 1160 802 nato
1188 774 1301 803 cuncta
1325 772 1410 812 regis

239 812 297 852 Qui
324 814 463 846 salvavit
487 816 625 854 saecula,
925 818 1012 850 Mira
1038 827 1108 850 cum
1132 819 1296 859 potentia,

191 860 291 901 Virgo
317 870 444 901 semper
469 865 502 894 tu
528 861 628 906 fuisti,
875 867 953 909 Ave,
981 875 1062 905 quae
1088 874 1176 897 cares
1201 866 1307 907 simili,

191 908 292 949 Virgo
317 909 420 941 Deum
447 911 582 950 genuisti
878 912 936 944 Isti
963 916 1110 946 catervae
1135 914 1234 946 debili

240 956 316 988 Sine
341 957 403 989 viri
430 958 553 998 copula.
924 960 974 992 Sis
999 970 1126 1002 semper
1149 962 1300 1003 propitia.

134 1044 166 1075 2.
194 1041 299 1083 Salve,
326 1052 385 1084 per
410 1053 504 1084 quam
529 1044 674 1084 aperitur
818 1047 850 1077 4.
876 1046 940 1078 Per
964 1049 1006 1088 te,
1032 1049 1133 1087 virg0,
1160 1047 1344 1080 conferatur

195 1089 284 1122 Caeli
309 1094 404 1131 porta
430 1094 462 1123 et
485 1090 595 1124 finitur
877 1094 978 1127 Nobis
1005 1095 1102 1135 saluS,
1129 1095 1324 1127 concedatur

238 1138 407 1171 Mundana
433 1139 576 1179 tristitia,
925 1143 1134 1175 Peccatorum
1158 1143 1269 1183 venia3

192 1186 217 1218 Ο
244 1195 338 1226 quam
363 1186 481 1219 bonum
505 1188 592 1219 idem
616 1188 697 1227 Ave,
879 1190 937 1222 Pie
962 1191 1035 1223 Iesu
1059 1190 1132 1231 piae
1157 1191 1279 1232 matris,

192 1234 291 1273 Quam
304 1234 516 1276 praeclarum,
533 1244 627 1276 quam
640 1244 748 1276 suave,
877 1236 972 1270 Dona
996 1238 1088 1271 nobis
1112 1247 1212 1279 regna
1236 1239 1338 1281 patris

238 1282 302 1314 Per
327 1283 412 1323 quod
439 1283 535 1315 datur
560 1283 675 1324 gratia.
927 1286 965 1318 In
992 1286 1121 1318 caelesti
1147 1287 1259 1327 gloria.

192 1366 272 1394 Orat.
302 1376 356 1395 ms.
382 1367 496 1395 Domus
522 1367 626 1395 Novae
652 1367 742 1394 Lucis
771 1369 842 1395 anni
869 1367 951 1397 1477.
994 1369 1063 1397 Cocl.
1095 1370 1281 1398 Ultraiectin.
1313 1371 1432 1408 Scriptt.

117 1405 199 1434 Ecol.
221 1403 287 1434 375.
306 1420 345 1425 —
364 1406 524 1434 Vielleicht
544 1405 687 1442 Sequenz.

564 1558 611 1589 62.
632 1557 675 1587 De
694 1556 793 1588 beata
811 1556 913 1589 Maria
945 1558 981 1589 V.

130 1631 161 1663 1.
190 1628 314 1669 Gaude,
337 1629 436 1671 mitis,
462 1629 576 1671 gaude,
602 1628 658 1670 pia
817 1630 850 1662 3.
877 1630 902 1662 Ο
928 1630 1040 1670 regina
1065 1633 1225 1672 coronata,

187 1676 248 1709 Dei
274 1677 420 1717 genetrix
441 1677 556 1721 Maria,
876 1677 1006 1710 Cunctis
1030 1678 1161 1719 gemmis
1185 1680 1352 1721 adornata,

191 1725 314 1765 Gaude,
343 1725 445 1757 dulcis
471 1728 503 1757 et
527 1733 650 1767 serena,
875 1725 988 1758 Gaude
1013 1735 1138 1766 semper
1165 1730 1197 1759 et
1220 1728 1342 1761 laetare

188 1772 311 1813 Gratia,
338 1773 439 1814 gloria
464 1774 571 1814 plena.
873 1773 919 1805 Et
942 1774 976 1806 in
998 1774 1068 1807 Deo
1093 1775 1233 1815 gloriare

128 1862 158 1894 2,
185 1859 269 1891 Tota
293 1860 438 1901 pulchra,
464 1863 533 1893 tota
557 1860 650 1901 bona,
815 1863 848 1895 4.
874 1861 934 1904 Eo,
961 1862 1013 1902 qui
1039 1864 1072 1894 te
1097 1864 1261 1896 coronavit

189 1905 310 1939 Summi
335 1908 419 1948 regis
444 1908 477 1940 in
504 1917 621 1941 corona
874 1909 919 1941 Et
942 1909 976 1941 in
1003 1909 1099 1942 caelis
1124 1910 1319 1954 sublimavit,

191 1954 325 1987 Gemma
350 1954 475 1996 fulgens
500 1959 537 1988 ut
560 1955 710 1997 formosa,
876 1956 1003 1989 Summo
1028 1958 1142 1990 throno
1170 1960 1348 2003 collocavit,

190 2002 294 2043 Super
319 2012 427 2036 omnes
453 2004 602 2045 gloriosa.
877 2004 1024 2038 Gloriose
1047 2008 1220 2042 coronavit.

473 2091 504 2124 5.
530 2090 626 2133 Laus,
653 2090 755 2124 honor
779 2091 850 2124 Deo
876 2092 1007 2124 deorum

529 2140 568 2172 In
594 2139 722 2172 saecula
746 2140 956 2182 saeculorum,

527 2188 593 2221 Uni
617 2187 702 2220 trino
727 2188 922 2229 sempiterno

529 2235 760 2269 Benedicamus
784 2237 934 2273 Domino.

188 2321 257 2350 Ood.
278 2321 376 2350 Palat.
395 2322 602 2351 Vindobonen.
622 2319 671 2358 (ol.
685 2321 894 2359 Lunaelaeen.)
913 2321 989 2353 3835
1010 2326 1081 2353 anni
1103 2322 1184 2357 1451,
1206 2325 1250 2352 als
1270 2324 1427 2353 Conclusio

109 2362 345 2399 pretiosissimae
365 2369 499 2397 coronae,
521 2363 601 2390 eines
621 2362 654 2388 iu
674 2361 849 2398 Reimprosa
869 2362 939 2390 oder
951 2364 1182 2392 Kniittelversen
1199 2363 1427 2399 geschriebenen

110 2401 244 2430 Gebetes.
269 2415 307 2420 —
335 2397 363 2436 3,
378 2399 398 2428 4
417 2401 481 2429 Deo
506 2400 588 2429 fehlt.
609 2415 647 2421 -ν-
666 2398 693 2435 4,
717 2398 730 2428 1
753 2400 792 2428 Ei
818 2402 878 2437 qui.
899 2417 938 2421 —
956 2401 984 2436 4,
1005 2400 1023 2431 3
1043 2403 1078 2431 In
1099 2410 1220 2429 summe.
1242 2417 1279 2421 —
1298 2400 1325 2437 4,
1346 2403 1366 2430 4
1389 2402 1430 2430 Et

107 2440 247 2477 gloriose.
266 2455 305 2460 —
325 2438 351 2475 5,
375 2437 389 2468 1
410 2440 504 2469 honor
523 2439 604 2468 fehlt.
