1651 2700
697 140 954 176 —228—

187 243 244 278 11.
269 243 334 276 Ora
357 253 416 284 pro
442 244 554 275 cuncto
579 239 696 280 populo
867 237 923 270 12.
950 234 995 267 Ut
1020 236 1125 266 terror
1148 241 1199 286 me
1224 231 1436 286 non-terreat

316 290 361 324 Et
384 300 444 330 pro
468 289 586 323 nostris
611 285 761 327 peccatis,
998 280 1163 314 Terrentis
1187 280 1320 332 mimjm,

272 339 427 371 Succurre
452 340 505 369 tuo
528 334 647 368 famulo
952 328 1018 362 Sed
1044 332 1099 360 tua
1124 330 1200 359 tunc
1226 326 1391 368 dispareat

318 385 408 417 Hora
432 381 642 423 necessitatiS,
1001 374 1187 409 Praesentia
1211 371 1310 406 felici.

254 449 339 514 Orat,g
359 457 419 520 (ῑῶε.
453 446 588 475 Gai-thus.
621 443 857 473 Hildesheimen.
889 449 966 470 saec.
1001 437 1046 468 15.
1087 438 1156 467 Ood.
1185 437 1339 472 Iosephim'
1368 436 1488 465 Hildes-

176 488 301 515 heimen.
399 504 405 512 .

626 572 688 604 183.
717 572 760 603 De
778 571 876 603 beata
894 568 996 602 Maria
1012 569 1049 601 V.

195 648 226 681 1.
253 647 351 687 Virga
374 647 463 678 Iesse
487 645 588 686 gignit
610 641 731 684 florem,
874 643 906 676 3,
931 639 1106 673 Paradisus
1132 637 1306 678 voluptatis

252 694 332 733 Apis
357 692 460 724 mellis
488 692 543 724 dat
568 690 740 733 dulcorem,
930 688 993 720 Est
1017 686 1123 719 Maria
1146 687 1315 726 praestans
1339 685 1440 726 gratis

253 740 382 774 Caelum
405 739 507 771 stillat
530 737 620 770 nobis
646 746 762 779 rorem,
933 735 1070 775 Lignum
1095 733 1345 765 immortalitatis

253 788 354 820 Stella
378 785 474 820 lacob
500 785 565 818 fert
587 785 801 825 splendorem.
932 783 983 815 Ac
1007 781 1128 815 fontem
1152 780 1372 813 iucunditatis.

192 847 223 878 2.
249 843 340 876 Haeo
365 846 414 876 est
435 843 556 875 Esther
578 842 776 886 imperatrix,
874 843 906 875 4.
932 839 1123 873 Paradisum
1148 839 1233 871 hunc
1257 846 1437 880 queramus,

251 891 332 924 Sara
355 892 439 923 risus
463 890 654 934 generatrix,
934 887 1047 920 Cibum
1071 888 1157 919 vitae
1182 886 1365 926 glutiamus,

253 938 400 970 Tecuites
426 937 622 979 advocatrix²
932 935 1043 974 Aquas
1070 934 1180 966 dulces
1205 933 1399 976 hauriamus,

252 985 360 1019 Iudith
385 985 486 1017 hostis
511 984 750 1025 triumphatrix.
935 983 982 1016 Ut
1006 981 1147 1014 feliciter
1173 981 1325 1014 vivamus.

254 1052 334 1080 Orat.
355 1059 408 1078 ms.
429 1058 503 1078 seec.
525 1047 570 1078 15.
612 1048 682 1078 Cod.
705 1047 873 1086 Sangallen.
894 1045 940 1076 48.

629 1159 692 1191 184.
722 1159 765 1191 De
781 1158 878 1190 beata
897 1157 998 1190 Maria
1017 1157 1054 1190 V.

379 1230 485 1272 Virgo,
510 1230 572 1263 Dei
596 1230 751 1270 genetrix,
777 1238 862 1269 rosa,
887 1229 967 1270 lilia,
995 1227 1066 1261 fons
1092 1228 1270 1271 paradisus,

378 1278 471 1318 Vitis,
497 1278 591 1317 oliva,
618 1277 726 1319 rubus,
750 1277 857 1318 tellus,
883 1278 945 1316 via,
970 1277 1106 1317 virgula,
1131 1279 1273 1317 truncus,

376 1325 507 1369 Hortus,
534 1325 709 1365 castellum,
734 1325 904 1366 thalamus,
931 1325 1054 1363 domus,
1080 1323 1199 1363 alvear,
1225 1332 1311 1366 arca,

376 1374 448 1416 Vas,
475 1372 704 1412 mortariolum,
731 1370 845 1404 fornax
871 1370 1011 1404 conflans
1036 1371 1261 1413 scriniumque,

319 1422 350 1453 5.
377 1420 532 1463 orarium,
560 1420 723 1459 templum,
754 1419 907 1461 clibanus,
934 1420 1082 1459 cisterna,
1109 1417 1260 1458 fenestra,

377 1467 465 1500 Urbs
490 1470 523 1498 et
545 1465 679 1508 fiscella,
703 1467 848 1509 thronus,
874 1475 1000 1509 ancora,
1025 1467 1131 1508 ianua,
1156 1470 1261 1506 petra.

373 1514 549 1556 Ancillans,
578 1515 752 1553 dominans,
779 1522 915 1555 regnans
943 1516 991 1546 est
1016 1513 1135 1546 femina
1159 1513 1264 1554 fortis,

376 1561 504 1593 Phoebo
528 1561 654 1602 vestita,
681 1561 791 1604 vellus,
819 1564 987 1601 turturque
1012 1561 1166 1605 columba,

374 1608 495 1648 Nubes,
521 1617 646 1649 aurora,
671 1607 841 1648 crystallus
866 1608 1022 1649 stellaque
1047 1609 1128 1651 viva,

298 1656 353 1688 10,
379 1655 444 1697 Sol,
470 1655 643 1694 speculum,
670 1664 771 1696 mons,
797 1655 967 1696 desertum,
992 1659 1139 1696 patrona,
1164 1655 1328 1697 magistra,

379 1702 511 1744 Sponsa,
540 1702 649 1733 volans
674 1702 789 1745 aquila,
815 1702 900 1734 bona
923 1701 1081 1735 fructibus
1106 1703 1203 1735 arbor
1224 1705 1346 1735 onusta.

379 1749 457 1782 Cum
481 1752 609 1788 peperit
633 1749 721 1790 virgo
747 1748 917 1790 Christum,
944 1750 997 1789 qui
1021 1751 1127 1790 pascit
1149 1751 1287 1792 inanem,

377 1796 489 1837 Terra,
515 1796 615 1828 solum
639 1796 691 1829 vel
714 1797 837 1839 humus,
865 1797 954 1838 virgo
980 1800 1038 1839 est,
1063 1798 1133 1840 glis,
1162 1798 1255 1830 arida
1275 1798 1383 1831 tellus.

377 1844 491 1876 Credit
515 1847 547 1875 et
570 1843 713 1885 assentit,
739 1846 840 1884 optat,
865 1853 940 1876 mox
965 1845 1107 1884 concipit
1130 1846 1216 1877 alma

298 1890 350 1923 15.
426 1890 521 1930 Virgo
547 1891 649 1923 virum
674 1891 812 1931 plenum,
838 1900 930 1932 quem
954 1892 1030 1925 colit
1052 1892 1126 1932 ipsa
1148 1893 1260 1926 Deum.

375 1937 475 1970 Stella
498 1938 605 1979 maris,
632 1939 743 1978 regina
766 1938 843 1981 poli,
868 1940 1031 1973 miseratio
1056 1941 1177 1983 mundi,

378 1985 450 2016 Vim
474 1986 596 2025 patitur
621 1986 751 2027 caelum,
779 1995 839 2027 quo
864 1987 960 2019 tentit
983 1989 1093 2020 navita
1117 1988 1231 2031 velum,

378 2032 431 2064 Ex
454 2042 514 2072 quo
537 2033 677 2065 iustitiae
701 2033 801 2065 solem
824 2034 900 2066 tulit
922 2035 996 2067 aula
1020 2036 1156 2078 Mariae,

381 2079 503 2119 Perque
527 2081 624 2111 maris
650 2081 775 2113 stellam
799 2081 915 2114 scimus
941 2083 1042 2115 vitaie
1067 2085 1253 2123 procellam.

299 2126 354 2158 20.
381 2126 518 2158 Protulit
542 2130 573 2158 et
597 2126 717 2170 florem,
745 2126 856 2160 folium
882 2128 1067 2171 fructusque
1091 2140 1249 2174 saporem,

382 2173 542 2212 Virgaque
565 2175 651 2206 sicea
674 2183 797 2217 nucem,
822 2177 912 2217 virgo
936 2178 1025 2218 parit
1049 2179 1171 2211 innuba
1193 2179 1309 2215 lucem.

382 2220 430 2252 Tu
455 2219 525 2252 fons
550 2221 704 2265 signatus,
727 2225 762 2254 tu
788 2222 930 2257 clausula
951 2226 1120 2265 clausaque
1145 2230 1249 2271 porta,

382 2267 431 2299 Tu
455 2267 583 2300 Domini
607 2270 770 2310 templum,
795 2273 830 2302 tu
854 2272 947 2304 sedes
972 2271 1109 2306 flaminis
1134 2275 1220 2318 almi,

385 2315 435 2348 Tu
459 2323 532 2347 rosa
558 2315 598 2347 de
621 2316 723 2358 spina,
748 2318 784 2348 tu
807 2318 924 2350 nobilis
947 2319 1057 2352 indole
1082 2321 1156 2353 bina

302 2364 359 2397 25.
384 2361 524 2403 Virginis
549 2364 582 2393 et
604 2363 727 2405 matris,
753 2366 898 2404 genetrix
923 2369 955 2398 et
976 2367 1044 2399 filia
1067 2369 1180 2409 patris.

382 2410 500 2444 Exstas
524 2410 619 2443 stella
643 2410 739 2443 Iacob
765 2414 797 2443 et
820 2414 976 2445 matutina
1001 2415 1117 2458 Maria,
