1651 2700
702 149 961 186 ——108—

197 253 229 284 3.
256 250 378 292 Gaude,
405 252 504 292 virgo,
871 249 902 280 5.
930 246 1051 285 Gaude,
1078 248 1207 286 sceptra

302 307 376 331 arca
399 299 537 338 levitica,
977 295 1087 325 tenens
1112 293 1322 335 monarchica,

254 346 291 378 In
317 355 377 386 qua
402 346 482 378 latet
929 341 1037 382 Virgo,
1064 349 1199 382 regnans

300 402 416 426 manna
439 392 623 428 suavitatis;
977 388 1012 420 in
1035 396 1132 428 regno
1156 387 1329 428 claritatis3

196 490 228 521 4.
255 488 375 527 Gaude,
404 488 502 529 virgo,
875 485 904 517 6.
932 483 1053 526 Gaude,
1080 484 1180 525 virgo,

300 535 391 575 virga
413 534 566 572 Mosaica,
978 534 1080 563 mater
1106 530 1230 572 deifica,

253 582 320 621 Qua
345 581 474 614 sedatur
930 578 1020 611 Nulli
1046 579 1196 610 claudens

299 630 360 661 hoc
383 637 470 661 mare
494 626 713 667 tempestatis3
977 627 1101 658 viscera
1123 625 1262 668 pietatiS,

642 713 673 745 7.
698 711 767 743 Fac
790 720 848 744 nos
877 720 971 744 carne

749 759 886 792 contrita
909 759 1031 792 lubrica

699 806 914 847 Tranquillari

744 862 823 894 pace
847 855 1037 888 securitatis.

255 939 424 967 Orationale
450 947 503 967 ms.
531 938 759 975 Campoliliense
781 947 857 967 saec.
885 938 929 967 15.
971 938 1039 967 Cod.
1068 936 1271 975 Campolilien.
1294 936 1379 982 23—
1405 935 1438 971 2,
1464 936 1485 965 4

178 977 353 1043 ἓᾏᾚξέξὲἷὲεε.
378 991 415 996 -
434 976 461 1011 4,
483 974 501 1005 3
521 977 578 1005 hoc
597 986 685 1005 more.
706 991 743 996 —-
763 977 825 1005 Das
839 977 913 1005 Lied
933 979 974 1005 ist
993 978 1181 1014 eingetragen
1202 977 1246 1005 als
1258 975 1431 1012 Antiphone
1447 976 1484 1003 ad

530 1164 576 1194 74.
609 1163 716 1195 Oratio
738 1162 777 1194 ad
798 1163 924 1195 beatam
944 1164 1076 1195 Mariam
1096 1164 1131 1195 V.

195 1252 226 1286 1.
253 1251 359 1284 Genus
384 1261 509 1285 sacrum
871 1256 901 1288 3.
928 1254 1042 1287 Parem
1068 1254 1128 1286 tibi

299 1302 330 1332 et
353 1300 459 1340 proles
484 1301 582 1341 regia,
978 1303 1031 1343 qui
1056 1302 1135 1335 fecit
1156 1304 1324 1345 neminem,

246 1347 352 1379 Patris
376 1350 478 1379 mater
930 1349 976 1381 Te
1001 1350 1063 1382 sibi
1088 1359 1145 1383 rex

302 1396 334 1426 et
357 1395 425 1427 nati
448 1394 525 1436 filia,
979 1397 1075 1438 elegit
1097 1397 1263 1439 virginem,

252 1441 352 1474 Stella
374 1443 470 1474 maris
930 1446 1017 1485 Quae
1041 1446 1180 1478 nescires

299 1489 340 1522 ad
365 1492 491 1530 portum
516 1492 657 1533 praevia,
976 1493 1038 1525 viri
1062 1492 1238 1534 libidinem,

252 1536 456 1569 Feminarum
928 1540 981 1573 Ex
1005 1550 1070 1580 qua
1094 1541 1199 1573 earnis

301 1593 397 1624 super
421 1587 467 1617 tot
489 1585 577 1617 milia
977 1588 1113 1629 sumpsit
1137 1588 1301 1630 originem,

253 1631 428 1664 Benedicta
929 1635 968 1667 In
993 1645 1055 1675 qua
1078 1638 1180 1667 totum

300 1681 332 1711 et
355 1680 451 1721 plena
475 1680 587 1720 gratia,
981 1683 1107 1716 vestivit
1131 1684 1299 1724 hominem,

252 1726 299 1758 Te
322 1729 469 1759 moveant
927 1731 1122 1772 Angelorum

299 1777 409 1807 nostra
433 1774 579 1815 suspiria,
976 1781 1158 1811 restaurans
1184 1778 1340 1815 ordinem.

199 1870 231 1903 2.
256 1868 341 1910 Tibi,
366 1869 447 1902 caeli
870 1875 903 1907 4.
928 1873 980 1906 Ex
1002 1876 1035 1906 te
1058 1876 1152 1907 natus

301 1917 420 1958 regina,
445 1917 591 1957 primitus
977 1924 1027 1954 est
1049 1922 1111 1955 Dei
1134 1922 1229 1965 filius,

256 1964 323 1996 Mei
350 1965 458 1997 cordis
927 1968 1015 2002 Deus
1038 1970 1126 2003 idem

306 2013 433 2045 contriti
454 2012 580 2054 penitus
979 2018 1072 2051 homo
1098 2028 1157 2051 nec
1179 2019 1272 2061 alius,

255 2058 332 2091 Cum
355 2060 494 2092 lacrimis
927 2065 1024 2098 Dicat
1049 2075 1134 2108 erge,

304 2105 428 2139 effundo
454 2108 598 2148 gemitus,
977 2114 1031 2154 qui
1056 2115 1153 2146 sentit
1176 2116 1300 2158 melius,

254 2155 292 2186 In
317 2163 410 2195 quam
434 2164 573 2187 summus
931 2161 1027 2194 Cuius
1053 2170 1144 2202 opem

301 2202 466 2234 descendit
488 2203 631 2244 spiritus,
978 2218 1128 2249 quaeram
1150 2209 1312 2253 fidentius,

253 2249 315 2281 Per
339 2258 431 2289 quam
455 2250 573 2283 mundo
933 2256 979 2289 Ut
1002 2257 1044 2289 sit
1067 2257 1136 2299 ipse

302 2297 447 2331 Christus
472 2300 522 2330 est
542 2297 657 2341 editus,
979 2303 1058 2337 mihi
1085 2305 1254 2349 propitius,

252 2345 390 2378 Verbum
415 2346 516 2386 patris
931 2352 1030 2391 Quam
1055 2352 1188 2393 virginis

300 2397 332 2426 et
354 2394 543 2434 unigenitus.
981 2403 1012 2431 et
1036 2400 1147 2433 matris
1171 2401 1272 2441 ipsius
1280 2400 1300 2433 ἶ)
