1651 2700
598 438 619 468 l.
650 436 692 467 Do
713 436 809 468 beata
828 436 928 468 Maria
948 436 983 467 V.

149 505 180 538 1.
206 504 259 537 Ad
286 506 408 537 aeterni
433 505 570 538 numinis

256 553 415 585 cumulum
439 552 569 586 lionoris

209 600 361 633 Dicturus
386 602 559 641 praeconia

254 648 358 681 nostri
381 649 552 681 salvatoris

208 696 359 736 Insigniri
384 696 488 736 gratia

254 746 319 775 tam
346 752 458 776 sensus
482 752 576 783 quam
601 743 668 775 oris

208 792 360 831 Obsecro,
386 800 460 824 nam
485 791 613 832 linguae
637 799 704 822 sum

252 839 479 880 impeditioris,

147 899 178 931 2.
206 897 277 930 Hoc
302 898 385 928 enim
410 897 588 929 miserrimo

253 945 332 977 mihi
355 945 518 984 peccatori

207 993 336 1025 Dixisse
359 992 432 1032 plus
459 992 605 1032 congruit

256 1049 350 1080 quarn
374 1040 562 1080 legislatori,

208 1088 303 1120 Cuius
326 1087 517 1128 sapientiam

256 1134 438 1168 effluentem
463 1136 510 1166 ori

203 1184 333 1217 Placuit
356 1181 527 1216 infundere

252 1240 375 1264 summo
400 1232 547 1264 creatori.

146 1291 177 1321 3.
204 1289 274 1331 Ego
301 1297 375 1321 vero
401 1288 534 1320 sordida

252 1337 367 1378 plenus
393 1337 527 1378 actione,

205 1384 333 1425 Degens
358 1384 390 1416 in
417 1384 567 1424 superbia

253 1435 285 1464 et
309 1432 471 1471 abusione,

205 1480 358 1513 Omnibus
388 1479 573 1512 dissimilem

252 1529 490 1568 comparatione

202 1577 407 1609 Praesumam
433 1576 584 1608 attollere

250 1633 312 1665 qua
335 1624 621 1665 praesumptione?

143 1684 177 1716 4.
205 1682 301 1715 Cuius
327 1683 368 1714 ad
394 1681 563 1721 imperium

247 1730 359 1762 mundi
383 1731 535 1770 salutare,

204 1778 348 1812 Christus
374 1777 474 1818 Iesus,
501 1777 649 1810 subdidit.

252 1827 385 1867 caelum,
412 1829 541 1867 terram,
568 1835 667 1865 mare,

201 1876 366 1916 Quomodo
389 1875 441 1907 vel
467 1875 605 1914 qualiter

249 1923 374 1956 audebo
399 1922 542 1963 laudare,

200 1972 299 2012 Quam
324 1979 385 2003 nec
408 1972 522 2003 saltem
549 1970 663 2011 dignus
688 1980 756 2003 sum

248 2028 304 2052 ore
328 2018 518 2052 nominare?

140 2082 171 2114 5.
199 2078 253 2110 Ad
278 2077 359 2109 haec
383 2079 489 2109 tamen
515 2076 649 2108 sentiam

249 2134 301 2159 me
322 2126 400 2158 licet
424 2124 632 2167 immundum,

200 2174 362 2207 Christum
388 2174 492 2206 Iesum
521 2173 687 2212 deprecor,

246 2223 300 2264 qui
325 2222 465 2256 redemit
488 2220 651 2264 mundum,

199 2271 244 2304 Ut
265 2280 368 2304 meum
397 2271 555 2312 eloquium

244 2321 287 2353 sit
312 2321 341 2352 ei
365 2319 549 2360 iucundum,

196 2369 257 2409 Qui
283 2371 397 2408 potens
424 2372 474 2400 est
498 2366 605 2400 facere

247 2418 287 2451 dc
311 2418 475 2449 immundo
500 2415 664 2451 mundum.

833 508 864 540 6.
891 507 952 548 Ne,
979 507 1124 547 quoniam
1150 506 1297 539 laudibus

937 554 1061 586 intento
1083 554 1218 597 Mariae,

892 603 979 643 Quae
1002 602 1161 643 gigantem
1186 602 1294 642 genuit

938 651 1084 690 geminae
1106 650 1206 691 usiae,

892 697 949 734 Eo,
977 698 1060 738 quod
1086 697 1234 737 indignus
1259 702 1327 738 sim,

938 746 990 776 vel
1013 748 1108 778 nocte
1131 746 1183 776 vel
1209 745 1263 778 die

891 793 1038 833 Accidat‚
1065 793 1149 833 quod
1174 793 1293 825 accidit

937 840 1013 873 olim
1039 841 1194 872 Adoniae.

856 921 863 928 .
890 897 1026 929 Mariam
1053 898 1194 929 dilucide

937 945 1016 976 satis
1044 945 1245 985 exprimebat

892 993 954 1024 llla
978 992 1074 1030 scala,
1102 993 1261 1024 dormiens

938 1049 1030 1079 quam
1053 1040 1151 1072 Iacob
1176 1040 1319 1082 videbat,

892 1087 948 1119 (¹ui
976 1088 1103 1120 innixus
1127 1087 1273 1119 Dominus

938 1134 1024 1167 Deus
1048 1135 1237 1176 apparebat,

890 1183 931 1215 Et
958 1191 1040 1223 quac
1066 1182 1187 1215 caelum
1212 1184 1336 1224 pariter

938 1233 971 1262 et
993 1234 1112 1263 terram
1138 1230 1300 1272 tangebat.

831 1309 836 1318 .
856 1316 861 1322 .
889 1288 979 1320 Haec
1004 1290 1053 1320 est
1077 1289 1160 1320 enim
1185 1290 1298 1328 pervia

937 1336 1025 1368 scala
1044 1338 1258 1375 peccatorum,

890 1385 957 1423 Qua
980 1384 1061 1415 libet
1085 1385 1259 1416 ascendere

939 1439 1088 1463 cacumen
1113 1433 1283 1466 caelorum.

890 1480 973 1512 Huic
995 1480 1066 1519 ipse
1090 1479 1237 1512 Dominus

934 1527 1062 1559 innixus
1099 1536 1216 1559 :uorum

888 1575 972 1607 Vota
993 1576 1048 1616 pie
1071 1575 1207 1615 suscipit

937 1626 968 1654 et
991 1631 1105 1665 preces
1130 1632 1304 1656 servorum.

852 1708 860 1715 .
886 1681 977 1713 Haec
1002 1685 1038 1713 ut
1062 1680 1148 1713 Saba
1171 1681 1297 1722 sapiens

936 1729 1046 1769 regina
1070 1729 1205 1769 Sybilla‚

888 1777 951 1811 Sed
976 1778 1111 1809 multum
1137 1777 1285 1809 humilior

935 1826 1045 1865 utique
1070 1834 1162 1865 quam
1188 1826 1254 1863 illa,

889 1872 1031 1906 Gabrieli
1056 1874 1166 1905 nuntio

935 1922 1104 1963 respondit
1127 1921 1318 1961 tranquilla:

886 1970 982 2012 Ecce,
1008 1971 1121 2011 inquit,
1149 1970 1236 2001 cuius
1261 1978 1294 2000 es

935 2019 1075 2062 angelum,
1103 2018 1230 2052 ancilla.

817 2077 871 2110 10.
887 2077 911 2109 O
938 2074 1018 2108 felix
1043 2076 1221 2108 humilitas*

935 2133 1018 2165 ecce,
1043 2127 1147 2157 mater
1172 2123 1233 2155 Dei

883 2173 1043 2206 Ancillam
1068 2182 1103 2204 se
1128 2172 1280 2214 nominat,

935 2231 1005 2253 cum
1032 2223 1193 2253 constaret
1217 2219 1256 2262 ei,

887 2270 978 2309 Quod
1003 2269 1100 2302 totius
1125 2270 1253 2310 pareret

936 2318 1131 2350 conditorem
1157 2318 1214 2359 rei,

889 2367 949 2407 Qui
975 2366 1117 2407 disponit
1141 2367 1288 2404 tempora

935 2423 1109 2454 cursusque
1136 2413 1208 2446 diei.
