1651 2700
703 150 960 186 —156—

198 252 228 283 3.
256 250 318 283 Ille
347 250 459 282 ductor
484 252 516 281 et
539 251 712 282 instructor
879 249 909 281 6.
935 247 973 279 In
996 247 1059 279 hac
1083 248 1150 280 vita
1174 248 1221 280 sic
1244 256 1294 279 me
1321 248 1390 280 dita

301 298 392 330 Assit
415 297 492 328 mihi
517 296 658 338 spiritus,
982 295 1083 327 Donis
1108 294 1317 336 spiritalibus,

255 345 311 383 Qui
338 347 370 376 te
391 344 540 376 mundam
567 346 599 374 et
623 342 792 375 fecundam
932 341 1048 374 Dando
1070 342 1194 383 pignus,
1220 352 1281 383 quo
1300 344 1356 374 sim
1376 343 1491 382 dignus

300 392 393 424 Fecit
417 399 486 423 esse
511 390 654 423 caelitus-2.
981 389 1115 422 Gaudiis
1141 390 1343 423 caelestibus.

194 498 227 530 4.
252 496 324 539 Illa,
349 495 487 535 inquam,
515 503 555 526 ne
581 494 772 536 delinquam,
878 495 908 526 7.
936 493 998 525 Pro
1023 501 1165 525 meorum
1188 495 1438 534 propinquorum

301 543 355 575 Me
381 544 549 575 conservet
573 542 685 580 gratia,
979 541 1027 573 Te
1050 541 1154 572 salute
1177 542 1315 580 postulo,

250 590 325 630 Qua⁷
354 589 407 629 qui
428 588 526 629 flevit,
553 592 586 621 te
609 588 757 628 replevit,
930 587 973 620 Ut
999 588 1158 619 laetentur
1183 591 1215 619 et
1239 589 1403 621 solventur

297 637 387 669 Inter
410 639 464 668 tua
487 635 631 669 brachia.
978 634 1029 667 Ab
1056 635 1141 667 omni
1166 636 1320 675 periculo.

194 743 224 774 5.
251 739 302 771 De
325 740 468 770 mortalis
492 739 579 771 vitae
602 739 696 771 malis
875 740 910 772 8.
934 739 1032 779 Virgo
1056 739 1149 781 leniS‚
1177 749 1196 771 a
1219 740 1357 772 terrenis

300 787 355 818 Me
383 786 551 826 dignanter
575 794 650 817 erue
980 785 1103 818 Munda
1129 796 1186 818 nos
1212 786 1376 819 affectibus

248 834 292 865 Et
314 836 387 873 post
402 835 534 864 mortem
554 831 606 864 fac
623 836 801 865 consortem
930 833 975 865 Et
1001 837 1184 866 cunctorum
1210 838 1414 875 peccatorum

298 880 418 919 Quietis
443 884 628 920 perpetuae.
977 881 1043 913 Nos
1068 881 1199 913 absolve
1223 882 1368 914 nexibus.

254 974 326 1001 Clm.
349 974 502 1002 Monacen.
523 974 571 1009 (ol.
595 972 744 1011 Tegurin.)
767 971 801 1002 19
809 971 873 1002 363.
894 981 971 1002 saec.
993 971 1037 1002 15.

611 1138 661 1170 111.
691 1138 733 1170 De
754 1139 849 1170 beata
870 1138 970 1171 Maria
991 1140 1027 1171 V.

641 1237 665 1269 Ο
691 1237 807 1278 Maria,
834 1238 924 1278 virgo
948 1239 1012 1283 pia,

635 1284 738 1316 Maris
764 1285 871 1326 stella,
896 1284 957 1317 Dei
982 1286 1075 1325 cella,

636 1331 745 1363 Mater
763 1332 836 1370 Dei,
863 1341 980 1372 sponsa
1007 1332 1136 1367 Christi,

637 1378 734 1418 Virgo
761 1380 856 1419 digna
880 1388 919 1412 ac
940 1379 1087 1424 benigna,

582 1428 613 1458 5.
688 1425 817 1458 Cunctis
842 1427 961 1459 sanctis
987 1429 1137 1469 sanctior,

637 1473 734 1512 Virgo
752 1474 857 1513 gravis
883 1482 921 1506 ac
946 1476 1052 1508 suavis

684 1520 792 1552 Mellis
817 1522 906 1553 stilla
932 1522 1064 1555 dulcior.

638 1566 798 1608 Speciosa,
824 1569 976 1610 pretiosa,

638 1613 794 1654 Gloriosa,
820 1624 983 1657 generosa,

559 1661 612 1694 lO.
684 1660 771 1693 Fons
796 1662 1045 1702 misericordiae,

640 1708 700 1740 Via
723 1709 818 1748 vitae,
846 1718 942 1742 causa
966 1711 1047 1750 viae,

688 1755 796 1788 Omnis
820 1755 897 1788 boni
923 1758 1026 1797 copia.

640 1802 833 1842 Reginamm
857 1802 915 1836 flos
942 1808 1137 1846 cunctarum,

638 1849 723 1882 Laus
748 1853 930 1884 sanctarum
955 1853 1142 1898 animarum,

557 1897 612 1929 15.
639 1897 718 1938 Spes
743 1907 878 1942 reorum,
906 1907 963 1939 pes
988 1901 1162 1942 lapsorum,

685 1945 881 1986 Angelorum
907 1948 1066 1991 gaudium,

637 1992 705 2024 Tuo
730 1996 804 2026 nato
830 2003 886 2025 nos
908 1999 1052 2039 peccato,

685 2040 744 2079 Qui
770 2042 891 2073 creavit
914 2043 1029 2083 omnia,

636 2086 738 2119 Nobis
764 2097 887 2128 quoque
910 2089 1080 2130 impetrato

555 2134 610 2166 20.
685 2133 886 2175 Sempiterna
908 2138 1034 2178 gaudia.

254 2222 323 2251 Cod.
349 2223 525 2252 Zwethalen.
547 2223 591 2254 36.
619 2235 696 2255 saec.
719 2226 761 2255 12.
783 2228 847 2257 add.
870 2238 945 2258 saec.
967 2229 1011 2258 12.
1032 2245 1069 2250 —
1089 2233 1123 2260 A.
1144 2248 1183 2253 —
1203 2233 1273 2262 Cod.
1294 2236 1416 2264 Trecen.
1432 2235 1482 2272 (ol.

174 2259 380 2297 Claravallen.)
408 2260 488 2290 1612.
516 2272 591 2292 saec.
615 2263 657 2292 15.
679 2266 711 2294 Β.
738 2281 777 2286 —
801 2264 819 2294 8
848 2267 995 2303 Pretiosa,
1017 2271 1152 2305 speciosa
1170 2271 1205 2299 Β.
1225 2287 1263 2292 —-
1284 2272 1301 2301 9
1322 2275 1480 2311 Generosa,

172 2301 303 2337 gloriosa
326 2301 360 2328 B.
387 2316 425 2321 —
455 2300 499 2334 11,
525 2310 617 2329 causa
640 2306 721 2331 vitae
745 2305 778 2332 B.
804 2319 841 2324 —
870 2304 915 2334 14.
934 2307 1127 2336 Dominarum
1147 2308 1214 2337 laus
1236 2313 1268 2339 B.
1289 2328 1326 2332 —
1348 2311 1393 2340 15.
1415 2322 1482 2350 spes

171 2339 322 2404 ξιὸρεοωᾞ
333 2340 368 2404 ἲ.
389 2355 425 2359 -
442 2337 491 2405 ὲδ.
511 2340 687 2377 Angelorum
708 2342 878 2371 indeficiens
900 2345 1040 2382 gaudium
1055 2346 1116 2373 AB.
1138 2361 1174 2366 —
1190 2346 1233 2376 19.
1248 2349 1400 2387 Nobisque
1419 2353 1480 2379 AB.

212 2398 218 2404 .
240 2393 275 2398 -—
324 2386 340 2405 e
354 2385 424 2405 erna
472 2397 478 2403 .
