1651 2700
680 130 939 166 —153—

164 226 221 258 23.
246 224 352 257 Homo
374 226 542 258 iuventute
563 225 667 264 floret,

248 272 421 305 Senectute
446 282 543 314 saepe
569 273 665 316 dolet,

248 319 303 351 Sic
328 324 462 364 arescet,
489 322 573 353 sicut
597 321 689 361 solet,

296 367 442 400 Tandem
467 369 563 400 morti
587 367 755 407 subditur3

249 415 354 446 Homo
379 413 452 447 flori
478 418 692 456 comparatur,

247 462 332 494 Dum
358 463 399 495 de
422 465 525 494 matre
552 465 733 503 generatur,

247 509 331 541 Nam
355 508 500 542 florendo
528 509 702 542 defloratur

294 557 339 590 Et
363 559 410 591 sic
435 558 678 590 adnihilabitur.

166 644 223 676 24.
251 642 316 675 Sed
332 646 378 685 tu,
396 644 497 686 virgo,
517 653 580 676 non
597 643 779 685 marcescis,

248 690 335 730 Quae
359 690 504 724 florendo
529 701 593 724 non
618 690 755 734 vilescis,

247 739 371 771 Mundo
397 738 506 772 fructu
531 739 731 778 maturescis,

295 786 390 819 More
415 785 563 827 fragrans
589 786 743 827 balsami3

248 834 424 874 Impolluta
449 835 493 867 sis
519 835 651 877 polluto,

249 881 353 914 Sorde
377 891 491 914 carens
515 883 549 914 in
575 883 636 914 hoc
659 882 736 925 luto,

247 929 296 961 Tu
320 933 468 969 protecta
494 930 555 962 Dei
579 933 681 971 scuto,

296 977 413 1017 Sponsi
440 978 537 1010 decor
560 977 705 1010 thalami.

851 228 907 260 25.
933 227 960 259 O
984 226 1170 266 praecincta
1192 226 1283 266 virgo
1308 228 1386 270 sole,

935 273 1020 305 Laus
1044 274 1200 305 immensa
1224 273 1282 304 tibi
1309 275 1369 306 soli

934 320 1002 352 Nos
1027 321 1171 361 ingratos
1195 321 1305 352 mundi
1331 322 1415 353 mole

984 368 1102 400 Sereno
1129 367 1217 399 vultu
1242 368 1381 411 respice3

936 416 1078 455 Praesta,
1104 415 1194 454 virgo
1220 416 1401 457 singularis,

934 462 1025 494 Nulli
1048 464 1119 494 iure
1143 463 1333 502 coaequalis,

935 509 1022 548 Quae
1046 518 1124 550 prae
1151 510 1272 541 cunctis
1292 510 1464 542 dominaris

983 557 1156 598 Dignitatis
1182 557 1283 598 apice.

852 644 908 676 26.
935 644 1013 676 Ores
1039 652 1112 683 ergo
1137 652 1221 674 nunc
1246 652 1304 683 pro
1331 644 1427 685 clero,

937 691 1036 731 Opem
1058 694 1156 731 tuam,
1185 691 1284 732 virgo,
1311 700 1438 731 quaero,

935 738 1002 770 Nos
1029 739 1192 771 committe
1214 738 1282 771 Deo
1307 748 1384 771 vero

984 786 1065 819 Cum
1091 786 1205 818 devoto
1230 787 1349 826 populo

935 834 1005 866 Nec
1029 843 1092 867 non
1117 843 1196 866 sexu
1220 835 1415 873 praedevoto

934 882 1086 915 Femineo
1111 881 1172 913 tibi
1195 884 1283 922 noto,

934 930 1012 962 Ores
1039 933 1072 961 et
1094 938 1154 968 pro
1178 929 1297 961 mundo
1322 932 1401 970 toto,

981 977 1036 1009 Sic
1059 985 1212 1009 succurre
1235 977 1373 1009 saeculo.

510 1075 566 1107 27.
594 1072 644 1106 Ne
675 1072 840 1113 peccando
867 1072 1122 1112 condemnemur,

595 1120 660 1153 Sed
685 1130 705 1152 a
729 1120 812 1152 malo
838 1120 1022 1162 liberemur,

592 1168 675 1208 Regi
698 1177 820 1199 summo
844 1171 1086 1208 praesentemur

643 1215 831 1248 Sanctorum
855 1215 888 1247 in
914 1216 1104 1256 agminibuS,

591 1262 663 1295 Hoc
686 1266 853 1303 praestare
877 1266 913 1294 tu
940 1263 1091 1304 digneris,

593 1311 652 1352 Qui
677 1311 840 1351 parcendo
865 1311 1037 1354 misereris,

594 1359 640 1393 Ut
662 1358 696 1390 in
720 1358 813 1392 nobis
841 1358 1013 1390 domineris

592 1405 687 1439 Nunc
711 1409 744 1437 et
768 1415 895 1446 semper
916 1415 976 1447 per
993 1409 1125 1438 aeterna

640 1453 845 1486 Saeculorum
869 1455 1007 1486 saecula.

230 1539 304 1567 Clm.
324 1539 479 1566 Monacen.
501 1535 612 1566 24804.
634 1545 709 1565 saec.
723 1535 767 1565 15.
788 1552 825 1558 —
846 1536 872 1572 9,
892 1537 909 1565 7
931 1537 1209 1565 Sustentamentum.
1232 1553 1271 1557 -—
1292 1535 1336 1571 11τ
1350 1535 1368 1564 5
1388 1537 1466 1564 hunc

149 1581 181 1606 in
208 1577 359 1605 mundum.
387 1593 425 1597 —
454 1574 499 1612 18,
519 1576 537 1604 7
563 1584 582 1604 a
606 1575 688 1603 fehlt.
714 1591 751 1595 —
776 1573 821 1609 27,
843 1573 861 1603 8
886 1577 927 1603 ist
956 1575 1140 1611 ulberzahligq
1169 1584 1200 1603 es
1227 1575 1309 1602 kann
1338 1575 1465 1603 entfernt

152 1616 277 1650 werden,
298 1616 397 1643 indem
418 1623 486 1643 man
506 1616 547 1642 im
566 1614 724 1651 folgenden
744 1614 838 1642 Verse
857 1614 1041 1642 saeculorum
1062 1613 1188 1641 saeculis
1209 1614 1285 1641 liest.

604 1764 665 1797 108.
696 1764 740 1795 De
760 1764 856 1796 beata
876 1764 978 1795 illaria
997 1764 1033 1795 V.

166 1857 198 1889 1.
226 1856 251 1889 O
276 1856 394 1897 Maria,
421 1856 517 1888 stella
540 1856 649 1894 mariS,

224 1903 390 1936 Medicina
413 1904 565 1935 salutaris

274 1951 428 1991 Corporis
455 1954 487 1982 et
512 1951 666 1989 cordium,

224 1998 313 2031 Fons
334 1999 486 2040 signatus,
515 1999 640 2030 clausus
659 1998 781 2042 hortus,

225 2047 289 2081 Via
311 2047 413 2090 pacis,
438 2047 526 2079 vitae
550 2049 673 2088 porum,

274 2095 429 2136 Pauperis
454 2093 624 2135 refugium,

168 2185 200 2217 2.
226 2183 265 2215 In
290 2182 352 2214 hac
377 2181 462 2214 valle
485 2181 701 2225 lacrimarum,

226 2232 263 2264 In
289 2230 352 2262 hoc
375 2230 446 2262 loco
471 2230 678 2262 tenebrarum

274 2278 395 2312 Contra
419 2277 551 2311 fraudes
576 2277 716 2311 hostium

224 2327 293 2360 Nos
320 2327 456 2371 custodi,
481 2336 539 2359 nos
566 2326 714 2367 defende,

223 2375 274 2409 Sis
299 2375 442 2408 adjutrix
467 2377 501 2407 et
522 2374 685 2416 impende,

297 2424 390 2464 Quod
416 2426 466 2456 est
488 2422 716 2457 necessarium.

854 1856 885 1888 3.
915 1854 1064 1887 Gloriosa
1088 1853 1150 1885 Dei
1174 1856 1287 1895 mater,

913 1902 1008 1935 Cuius
1033 1903 1127 1934 natus
1152 1905 1259 1934 exstat
1283 1907 1385 1944 pater,

958 1950 1064 1982 Patris
1088 1949 1280 1990 unigenitus,

914 1997 1009 2030 Cuius
1034 1999 1172 2029 mentem
1198 2000 1413 2040 praeparavit,

912 2045 1008 2078 Cuius
1034 2054 1163 2078 carnem
1187 2048 1392 2087 praeaptavit

961 2093 1137 2134 Utriusque
1161 2094 1305 2134 spiritus.

852 2182 886 2214 4.
912 2181 1083 2214 Intercede
1107 2190 1167 2220 pro
1192 2182 1333 2221 peccatis

909 2230 1009 2270 Apud
1033 2228 1154 2261 fontem
1179 2230 1308 2270 pietatis

958 2277 1004 2310 Et
1027 2277 1278 2316 misericordiae,

912 2326 982 2358 Fac
1004 2335 1063 2358 nos
1089 2333 1164 2357 vere
1187 2325 1352 2365 paenitere

912 2373 956 2406 Et
982 2373 1150 2406 commissa
1174 2372 1221 2404 sic
1247 2370 1375 2415 deflere,

959 2422 1045 2455 Dum
1069 2425 1195 2461 tempus
1222 2423 1272 2451 est
1294 2420 1418 2456 veniae.
