1651 2700
232 514 287 547 10.
315 513 415 546 Serva
439 512 499 544 tibi
524 510 784 546 commendatum,
911 507 966 539 19.
993 506 1091 546 Virgo
1114 513 1251 546 semper,
1276 506 1350 535 ante
1374 505 1503 543 partum

313 560 388 592 Tibi
413 560 534 591 servire
558 560 714 598 paratum,
992 554 1038 586 Et
1061 554 1093 584 in
1119 555 1215 594 partu
1241 554 1273 583 et
1296 554 1371 591 post
1386 554 1524 591 partum,

311 607 403 639 Dono
424 609 497 638 tuae
520 605 649 646 pietatis
992 601 1065 633 Iure
1092 600 1213 633 cunctis
1240 608 1273 631 es
1298 599 1455 639 praelata,

311 655 367 686 Me
390 654 536 686 absolvas
561 662 581 684 a
603 650 753 691 peccatis,
991 648 1094 689 Super
1118 656 1226 681 omnes
1253 647 1402 679 exaltata.

231 723 283 754 11.
311 721 393 753 Tota
418 720 500 751 enim
524 719 608 750 salus
633 726 704 749 mea
909 716 964 749 20.
991 716 1124 756 Semper
1150 718 1247 753 casta,
1279 723 1405 754 semper
1429 723 1519 753 pura,

309 769 347 800 In
370 770 402 798 te
427 769 484 807 est,
517 766 647 797 deorum
673 765 741 803 dea,
992 763 1124 804 Semper
1147 764 1217 796 Deo
1244 763 1411 804 placitura,

313 814 515 854 Cunctorum,
540 816 576 844 ut
601 813 751 852 creditur,
993 810 1522 853 Nunquamlevis,nunquamvana,

311 862 362 893 Ex
385 864 418 893 te
443 861 527 893 salus
553 860 702 892 exoritur.
992 860 1042 891 Ac
1065 860 1093 891 si
1118 868 1203 892 esses
1228 858 1410 898 inhumana,

231 930 286 962 12.
312 928 373 960 1116
395 930 501 968 potest
527 928 707 968 desperare,
908 926 962 958 21.
988 926 1127 958 Domina
1151 935 1169 958 0
1195 925 1393 957 dominarum

311 975 370 1014 Qui
394 978 427 1006 te
446 984 508 1007 non
535 975 601 1006 vult
624 983 739 1015 amare,
987 973 1032 1006 Et
1054 974 1166 1014 regina
1189 973 1381 1013 reginarum,

310 1023 356 1054 Tc
380 1023 517 1055 Mariam
541 1023 700 1055 adamare.
988 1022 1126 1061 Propter
1150 1024 1237 1053 tuam
1259 1021 1422 1060 pietatem,

309 1070 381 1102 Hoc
406 1073 455 1102 est
478 1080 557 1110 opus
582 1071 731 1103 salutare.
988 1069 1088 1100 Tuam
1114 1077 1238 1110 quoque
1261 1068 1446 1100 bonitatem.

228 1139 282 1171 13.
309 1136 432 1168 Nomen
457 1139 544 1168 tuum
572 1137 664 1169 dulce
687 1136 781 1168 nimis
907 1137 961 1168 22.
988 1136 1116 1176 Pauper
1141 1144 1197 1177 ego
1223 1138 1255 1166 et
1278 1144 1404 1178 egenus,

305 1185 529 1216 Adamandum
555 1188 602 1216 est
626 1184 792 1224 imprimis»,
988 1183 1063 1215 Sum
1089 1183 1234 1216 obscenis
1258 1183 1337 1214 meis
1361 1183 1486 1224 plenus,

307 1232 373 1265 Ubi
396 1241 510 1264 nomen
535 1235 620 1264 tuum
648 1234 748 1274 sonat,
987 1231 1105 1263 Natum
1130 1234 1218 1263 tuum
1242 1231 1380 1271 irritavi,

308 1279 402 1319 Spem
428 1280 540 1311 salutis
564 1280 643 1311 mihi
669 1280 774 1311 donat.
987 1280 1026 1311 In
1052 1288 1144 1319 quem
1169 1278 1310 1320 graviter
1331 1279 1475 1318 peccavi.

226 1348 280 1380 14.
310 1347 408 1379 Omne
432 1356 452 1378 a
474 1355 525 1378 me
547 1349 765 1386 perpetratum
908 1346 962 1378 23.
988 1345 1084 1377 Hunc
1107 1349 1143 1378 tu
1167 1345 1244 1378 mihi
1270 1344 1414 1386 pacifica,

309 1394 410 1426 Tollit
433 1394 511 1425 mihi
535 1394 596 1426 hoc
620 1397 794 1435 peccatum,
988 1394 1012 1426 Ο
1038 1397 1141 1426 mater
1165 1393 1226 1426 Dei
1250 1394 1355 1433 unica,

306 1441 473 1481 Nunquam
498 1451 625 1480 possum
653 1442 833 1481 desperare.
985 1441 1058 1473 Hoc
1081 1444 1114 1473 te
1138 1450 1234 1482 posse
1256 1441 1431 1481 impetrare

308 1488 342 1520 Si
366 1492 398 1520 16
423 1489 494 1521 volo
520 1490 677 1528 invocare,
987 1488 1089 1521 Nemo
1113 1489 1209 1522 debet
1233 1489 1391 1523 dubitare.

224 1557 278 1588 15.
305 1555 368 1586 Per
393 1557 435 1598 te,
462 1555 525 1595 pia,
551 1564 602 1586 me
625 1555 752 1593 salvari,
904 1556 959 1587 24.
987 1556 1011 1588 Ο
1037 1558 1205 1595 praeclara
1230 1556 1324 1588 stella
1348 1557 1456 1597 maris,

303 1603 366 1634 Per
390 1605 423 1633 16
449 1603 544 1634 credo
568 1603 724 1644 reparari,
986 1603 1072 1642 Quae
1095 1613 1164 1636 cum
1190 1603 1259 1635 Deo
1284 1604 1443 1645 gloriaris,

304 1649 328 1681 O
354 1649 460 1681 Maria
484 1652 666 1683 veneranda
983 1650 1040 1682 Me
1064 1652 1106 1683 ad
1131 1655 1259 1692 portum
1284 1651 1337 1683 fac
1359 1653 1479 1694 venire,

304 1696 407 1736 Super
432 1706 603 1738 omnesque
626 1697 797 1731 laudanda.
985 1698 1154 1739 Nunquam
1179 1699 1266 1731 sinas
1288 1709 1341 1732 me
1364 1701 1483 1740 perire.

226 1764 281 1796 16.
308 1762 342 1794 Si
366 1771 417 1794 me
441 1764 519 1795 velis
544 1764 705 1805 adiuvare,
905 1767 958 1798 25.
985 1766 1009 1798 O
1035 1766 1150 1807 Maria,
1177 1767 1283 1798 lumen
1308 1767 1404 1808 vitae,

306 1810 381 1849 Quis
404 1819 455 1842 me
480 1812 562 1851 cogit
589 1812 768 1853 desperare,
983 1813 1075 1852 Mihi,
1100 1822 1227 1854 quae30‚
1253 1814 1383 1854 imperti
1408 1819 1450 1857 te,

308 1858 331 1890 Ο
360 1858 486 1890 domina
511 1859 703 1901 dulcissima,
983 1860 1116 1893 Servum
1139 1861 1278 1894 iustifica
1301 1867 1389 1895 tuum

301 1906 382 1937 Prae
407 1906 550 1938 omnibus
577 1908 761 1940 carissima?
983 1909 1020 1941 In
1043 1911 1185 1949 peccatis
1211 1914 1380 1945 mortuum.

223 1973 277 2007 17,
302 1972 452 2004 Omnibus
477 1976 512 2005 111
536 1976 760 2018 praeamanda,
902 1977 957 2009 26.
985 1977 1009 2009 O
1035 1977 1150 2018 Maria,
1177 1975 1235 2010 fios
1261 1979 1429 2021 virginum,

761 200 989 237 ..ρῇ-4

316 304 398 336 Nam
423 304 451 336 si
476 306 511 335 111
535 311 586 334 1116
610 301 763 342 visitabiS,

315 351 483 383 ‘visitando
507 359 558 382 me
582 350 742 391 purgabis,

318 399 401 431 Nam
425 402 480 430 tua
505 398 645 430 visitatio

314 446 390 478 Mea
415 450 464 478 est
487 445 633 479 salvatio.

303 2019 400 2051 'Nulla
426 2020 486 2052 ‘tibi
512 2023 733 2064 comparanda,

303 2067 328 2099 O
354 2067 471 2110 Maria,
496 2068 564 2101 Deo
586 2079 669 2110 cara,

914 299 970 333 18.

995 298 1059 330 Sed
1083 297 1189 328 mente
1213 291 1412 335 praeclarior

993 345 1204 383 moribusque
1227 342 1378 380 nobilior,

995 392 1077 424 Tota
1101 400 1198 431 super
1223 390 1320 421 solem
1346 387 1477 426 munda,

995 440 1087 472 Omni
1115 439 1198 471 bono
1223 440 1258 468 111
1283 435 1431 469 fecunda.

982 2024 1046 2057 Ora
1070 2034 1129 2065 pro
1154 2034 1205 2058 me
1231 2026 1412 2068 Dominum,

982 2073 1029 2106 Ut
1052 2074 1094 2105 ad
1120 2074 1201 2106 caeli
1224 2075 1345 2114 palatia

302 2114 399 2155 Virgo
423 2116 527 2147 nitens
551 2120 582 2148 et
605 2118 779 2156 praeclara.
980 2120 1169 2153 Perveniam
1195 2124 1227 2153 te
1250 2124 1392 2162 praevia.

558 2175 613 2206 27.
639 2174 704 2207 Ubi
727 2175 823 2207 miser
850 2179 882 2207 et
903 2178 1051 2210 sordidus

640 2222 760 2254 Possim
787 2231 856 2255 esse
881 2228 912 2256 et
934 2226 1064 2257 ultimus

639 2269 851 2310 Laudansque
872 2271 974 2304 Deum
1001 2274 1130 2305 deorum

640 2317 701 2349 Per
722 2319 848 2351 saecula
873 2321 1080 2355 saeculorum.

288 2378 375 2407 Scala
395 2380 469 2408 caeli
490 2389 565 2408 saec.
588 2380 631 2409 14.
654 2391 697 2410 ex.
738 2382 806 2410 Cod.
827 2384 950 2420 Pragen.
971 2386 1046 2414 XIH
1068 2386 1095 2413 E
1115 2384 1143 2414 3.
1163 2401 1200 2406 —-
1221 2385 1247 2422 2,
1269 2386 1287 2415 2
1307 2390 1456 2419 salutatio.
1474 2407 1514 2411 —

204 2416 230 2452 4,
246 2416 264 2445 2
285 2418 359 2445 fehlt
378 2420 443 2447 eine
458 2418 553 2453 Silbe3
574 2420 629 2448 lies
647 2424 676 2449 et
689 2420 821 2449 dulcior?
838 2437 870 2441 —
887 2423 912 2457 7,
927 2422 947 2451 4
961 2425 1083 2459 eben-so,
1104 2425 1159 2453 lies
1173 2427 1270 2462 Atque
1283 2427 1460 2457 clementer?
1473 2446 1513 2451 —

205 2454 230 2490 9,
245 2455 264 2485 4
285 2457 405 2492 eben303
428 2457 482 2485 1165
502 2458 640 2487 salutatio
663 2460 732 2488 oder
751 2461 933 2496 gratulatio?
953 2477 990 2481 —
1015 2461 1058 2498 12,
1074 2461 1092 2490 2
1107 2465 1222 2492 ehenso.
1237 2479 1274 2483 —
1289 2463 1335 2502 25,
1349 2465 1369 2494 4
1388 2468 1511 2497 ebenso·

204 2494 258 2523 lies
279 2497 462 2523 emortuum?
483 2513 519 2517 —
540 2494 584 2532 27,
606 2495 624 2525 2
645 2498 727 2526 Lies:
748 2498 796 2526 vel
815 2499 956 2528 ultimus?
1505 2492 1512 2506 ⁷
