1651 2700
752 182 984 217 ,73-

236 277 289 311 17.
316 280 388 312 Iera
412 280 502 321 pigra
526 280 599 313 laxa
622 281 713 321 nigra
911 279 966 312 19.
994 279 1057 312 Sed
1082 287 1223 310 meorum
1248 278 1396 311 vitiorum

365 327 477 360 Cordis
502 331 597 368 atque
622 327 809 368 catholicon,
1042 326 1224 365 Stringatur
1250 325 1439 365 diffidentia,

312 374 358 408 Ut
382 384 583 418 compungar,
610 375 687 407 satis
711 383 812 414 ungar
993 373 1219 415 phlegetontis,
1245 372 1438 405 Acherontis

360 422 529 456 Confessus
555 422 759 462 apostolicon,
1038 420 1084 454 Ut
1108 421 1241 452 evadam
1267 420 1441 460 cantheria,

314 470 367 502 Ad
391 470 515 510 agalma
539 470 622 510 quod
647 478 716 500 cum
733 468 840 508 palma
990 468 1114 500 Fervor
1137 468 1240 512 luxus,
1267 468 1336 500 irae
1357 466 1461 499 fluxus

359 517 675 550 Conscendamsanus
688 515 838 548 caelicum
1038 515 1219 549 Incendunt
1243 516 1433 557 cardiacam,

312 565 356 597 Et
378 565 411 596 in
437 564 490 596 dia
513 564 637 596 theoria
991 563 1156 604 Interpola
1180 572 1274 603 quam
1300 566 1333 594 te
1356 562 1436 604 sola,

360 611 480 643 Manna
488 611 641 643 mandens
651 610 835 650 angelicum.
1038 610 1088 642 Ne
1111 613 1264 650 procuret
1287 610 1455 650 hyliacam.

232 686 287 720 18.
315 687 371 719 Me
396 686 546 718 fecundes
572 688 604 717 et
628 686 778 718 emundes
909 687 963 719 20.
992 686 1054 719 Cor
1079 684 1243 719 adflictum
1260 688 1293 718 et
1315 685 1521 719 constn‘ctum

358 733 561 766 Contritionis
586 742 721 777 vomere,
1037 734 1245 766 Peccatorum
1269 736 1402 775 asmate,

311 780 355 813 Ut
379 779 521 812 fiscosum
550 783 580 813 et
607 789 756 813 venosum
988 781 1105 822 Mater,
1133 791 1209 814 cura
1234 785 1267 814 et
1290 791 1403 814 secura

357 827 479 859 Possim
507 828 656 869 phlegma
680 837 834 872 evomere,
1037 829 1135 863 Sacro
1162 830 1405 872 cataplasmate3

309 875 500 915 Sparaginas
524 876 557 907 in
582 885 632 907 me
656 876 742 908 sinas
992 878 1016 911 O
1043 878 1189 919 benigna,
1215 878 1313 910 laude
1338 878 1444 918 digna,

355 922 493 954 Radices
517 932 580 955 non
606 932 800 965 excrescere,
1038 925 1232 958 Vulneribus
1261 924 1426 966 pestiferis

310 969 448 1002 Verbum
472 970 544 1013 Dei,
569 971 653 1012 regis
678 972 751 1012 mei,
990 973 1166 1016 Sauciatus,
1192 974 1357 1005 mutilatus

356 1018 442 1057 Quae
466 1016 588 1050 faciunt
612 1028 766 1052 arescere.
1035 1021 1080 1053 Et
1102 1021 1247 1061 pestibus
1273 1020 1459 1063 mortiferis,

565 1095 620 1127 21.
647 1096 693 1127 Te
716 1096 854 1136 imploro
880 1099 912 1128 et
936 1106 1032 1130 exoro

694 1144 872 1184 Complosis
896 1145 974 1177 meis
999 1145 1153 1188 manibus,

647 1191 692 1224 Ut
716 1195 879 1232 aegrotum
896 1201 947 1224 me
970 1193 1034 1225 iam
1059 1195 1160 1225 totum

692 1239 797 1271 Eruas
822 1249 841 1271 a
865 1240 1010 1272 manibus

646 1286 690 1318 Et
713 1295 772 1327 per
796 1297 912 1319 vanum
935 1288 1046 1321 mundi
1066 1297 1177 1321 sanum

692 1334 748 1366 Me
773 1343 881 1367 serves
905 1336 1136 1378 temporaliter,

646 1383 723 1414 Post
748 1391 900 1414 conamen
920 1386 1034 1427 tecum,
1061 1385 1175 1425 Amen,

694 1430 741 1463 Ut
764 1430 869 1463 vivam
893 1432 1109 1465 aeternaliter.

290 1511 359 1539 Cod.
382 1511 545 1540 Londinen.
564 1512 612 1548 (ol.
632 1513 851 1550 Vratislavien.)
869 1514 942 1543 Add.
965 1514 1000 1543 18
1009 1514 1073 1544 922.
1095 1525 1171 1545 saec.
1195 1515 1237 1545 15.

623 1643 671 1675 50.
701 1644 807 1677 Oratio
829 1645 943 1677 devota
964 1646 1004 1678 acl
1023 1647 1110 1679 BVM.

497 1723 527 1755 1.
557 1724 620 1757 Cur
645 1727 794 1765 peccator
820 1726 986 1766 desperem
1011 1728 1146 1767 veniam,

553 1773 630 1805 Cum
656 1772 793 1805 Mariam
820 1773 944 1806 dulcem
967 1776 1116 1818 recogito,

553 1820 612 1859 Qui
635 1820 760 1853 Mariae
784 1821 853 1853 colo
877 1823 1060 1855 memoriam

551 1868 595 1900 Et
617 1867 742 1900 Mariae
766 1877 857 1900 sacra
881 1870 1037 1903 revisito?

550 1915 657 1947 Meam
681 1916 771 1949 novit
793 1918 896 1948 mater
918 1918 1089 1961 miseriam,

550 1963 595 1995 Et
618 1963 660 1995 ad
683 1966 818 1996 matrem
843 1964 893 1996 ire
915 1975 979 1998 non
1003 1966 1136 2008 haesito,

551 2010 657 2043 Nosco
681 2012 791 2043 matris
813 2012 999 2046 immensam
1024 2016 1160 2055 gratiam

549 2058 594 2090 Et
617 2059 660 2091 ad
683 2068 825 2092 mensam
848 2064 1025 2094 maternam
1048 2064 1191 2097 mussito.

495 2135 526 2165 2.
553 2133 663 2174 Cerne,
688 2135 790 2177 virgo,
816 2144 872 2168 cur
892 2136 955 2169 Dei
977 2137 1062 2171 filius

552 2182 590 2212 In
617 2183 650 2213 te
673 2191 783 2214 verum
807 2192 842 2215 se
866 2183 945 2217 fecit
968 2186 1125 2219 hominem

552 2228 597 2259 Et
620 2231 662 2268 te,
689 2229 787 2270 virgo,
814 2240 875 2271 qua
898 2233 979 2265 nihil
1003 2235 1154 2278 sanctius,

552 2275 667 2307 Puram
693 2285 818 2317 semper
841 2279 971 2320 reliquit
995 2282 1166 2322 virginem3

553 2322 617 2355 Gur
641 2332 696 2355 cor
719 2327 806 2356 tuum
831 2328 1005 2366 pertransit
1028 2329 1164 2370 gladiuS,

553 2369 629 2402 Cum
653 2380 712 2411 pro
736 2372 828 2405 nobis
853 2372 971 2407 effudit
994 2377 1178 2417 sanguinem

550 2417 594 2450 Et
618 2427 677 2459 per
700 2421 787 2452 tuum
810 2429 869 2452 ave
893 2423 1020 2455 suavius

550 2466 644 2499 Vitae
667 2467 775 2499 reddit
796 2467 885 2502 Evae
909 2471 1141 2512 propaginem?
