1651 2700
634 144 678 150 .-
728 123 773 160 87
823 144 867 150 ,-

551 217 598 249 55.
628 218 670 248 Dc
689 218 787 250 beata
805 218 906 251 Maria
923 219 960 251 V.

326 288 404 320 Flos
428 286 552 332 florum,
580 288 650 321 fons
675 289 848 334 hortorum,
876 291 986 331 regina
1010 291 1165 331 polorum,

326 335 406 375 Spes
433 336 554 378 veniae,
579 337 635 369 lux
658 337 811 379 laetitiae,
837 338 997 370 medicina
1022 338 1175 381 dolorum,

325 384 425 424 Virga
448 392 570 426 recens,
597 385 687 425 virgo
713 385 828 417 decens
853 389 885 417 et
909 384 1012 418 forma
1038 386 1202 426 bonorum,

325 431 427 463 Parce
452 432 526 472 reis,
552 441 645 472 opem
669 431 719 464 fer
744 433 801 476 eis,
826 434 859 465 in
884 442 964 473 pace
987 435 1111 474 piorum

324 479 427 511 Pasce
452 481 533 523 tuos,
560 488 710 512 succurre
733 481 807 521 tuis,
833 481 986 513 miserere
1011 485 1147 514 tuorum.

92 579 112 607 4
171 543 291 610 Collega
326 553 380 572 ms.
410 544 679 574 Hammeurodense
712 555 788 574 saeC.
824 545 869 574 15.
921 546 991 575 Cod.
1021 546 1223 576 Vindobonen.
1252 544 1337 574 4781.
1368 563 1405 568 —

129 589 232 617 pacem
283 591 306 611 s.

549 696 595 728 56.
626 697 669 727 De
689 697 784 727 beata
805 696 906 728 Maria
926 698 962 729 V.

110 765 140 798 1.
168 765 291 805 Gaude,
319 769 407 798 casta
431 769 533 798 mater
552 767 626 806 Dei,
794 769 826 802 3.
852 768 970 808 Regem
995 777 1105 809 regum
1129 771 1164 800 tu
1188 769 1324 807 lactasti,

166 812 271 845 Decus
297 814 419 856 mundi,
449 814 505 845 lux
532 814 605 854 diei,
849 815 914 848 Hic
937 819 971 848 te
995 815 1081 857 fecit,
1107 825 1198 856 quem
1222 816 1359 857 portasti

213 861 410 901 Angelorum
437 861 549 902 gloria,
900 863 977 895 Tuis
1001 865 1035 896 in
1058 863 1252 908 visceribus3

166 908 266 940 Porta
288 912 414 950 patens,
441 909 516 941 aula
541 910 633 952 caeli,
852 911 943 943 Inter
967 920 1074 943 omnes
1101 911 1293 944 collaudaris

167 957 254 996 Quae
278 956 367 989 fideli
394 955 537 988 Gabrieli
852 958 1090 1000 Benedictaque
1114 960 1235 991 vocaris

215 1003 391 1036 Credidisti
414 1005 535 1037 nuntia.
899 1006 949 1038 Tu
973 1007 1006 1039 in
1030 1006 1226 1039 mulieribus.

111 1065 141 1096 2.
168 1061 237 1094 Deo
266 1062 352 1102 patri
377 1061 536 1105 placuisti,
793 1063 826 1095 4.
852 1062 967 1095 Fidem
992 1064 1060 1095 sola
1086 1064 1292 1104 conservasti,

167 1109 251 1142 Dum
276 1110 425 1142 ancillam
451 1112 483 1140 te
509 1109 630 1150 dixisti,
851 1110 1053 1151 Morientem,
1080 1119 1173 1150 quem
1196 1112 1342 1150 portasti,

215 1157 324 1198 Virgo·
340 1157 595 1199 clementissima,
898 1158 947 1190 Tu
972 1158 1092 1198 vidisti,
1119 1157 1242 1198 Maria,

169 1205 368 1238 Salvatorem
395 1205 566 1245 concepisti
851 1206 1075 1246 Temporalem
1099 1206 1263 1245 pertulisti

168 1253 212 1286 Et
235 1253 357 1285 intacta
379 1253 594 1293 permansisti,
851 1254 1001 1296 Mortem,
1026 1255 1127 1295 virgo,
1155 1254 1229 1286 dum
1256 1255 1366 1286 vidisti

216 1301 312 1341 Virgo
337 1301 596 1341 prudentissima.
899 1302 1028 1334 Vexilla
1052 1302 1181 1341 regalia.

451 1359 482 1392 5.
508 1358 605 1399 Virgo
634 1360 736 1390 mater
760 1358 899 1399 pietatis,

507 1405 621 1438 Fidem
646 1408 776 1438 sanctae
800 1407 955 1439 trinitatis

552 1453 590 1486 In
614 1454 706 1486 nobis
733 1454 914 1496 corrobora,

508 1501 558 1534 Ne
581 1504 656 1542 post-
679 1510 789 1534 sensus
812 1504 975 1535 naturales

507 1549 634 1582 Inimici
658 1550 813 1590 speciales

556 1597 677 1630 Nostra
700 1601 849 1639 premant
871 1602 1013 1639 pectora.

171 1664 251 1692 Orat.
277 1673 330 1692 ms.
354 1666 468 1693 Domus
494 1664 597 1692 Novae
622 1664 713 1692 Lucis
739 1666 809 1692 anni
839 1663 922 1692 1477.
974 1665 1043 1693 Cod.
1071 1665 1258 1693 Ultraiectin.
1286 1664 1405 1701 Scriptt.

93 1702 174 1730 Eccl.
195 1700 260 1731 375.
281 1718 319 1722 -
338 1702 498 1732 Vielleicht
519 1702 661 1740 Sequenz.

549 1814 594 1845 57.
624 1814 666 1845 De
685 1814 780 1846 beata
799 1814 900 1847 Maria
921 1816 957 1847 V.

109 1888 138 1921 1.
165 1886 287 1927 Gaude,
315 1885 392 1919 felix
416 1885 533 1927 Maria,
794 1887 824 1920 3.
853 1886 976 1927 Gaude,
1003 1886 1082 1919 felix
1107 1888 1250 1919 nesciens

168 1935 251 1967 Tota
274 1935 371 1975 plena
395 1934 499 1973 gratia
851 1933 966 1966 Virum
997 1938 1029 1966 et
1054 1935 1234 1975 concipiens

216 1984 396 2023 Conceptus
417 1981 566 2022 exordi03
896 1982 1067 2015 Dominum
1094 1991 1164 2014 cum
1187 1984 1320 2024 gaudio3

167 2030 289 2076 Gaude,
315 2030 393 2063 felix
419 2030 518 2070 regia,
852 2030 974 2072 Gaude,
1001 2030 1080 2064 felix
1104 2032 1234 2071 pariens

164 2080 247 2113 Tota
270 2080 368 2120 plena
391 2077 494 2118 gloria
849 2080 990 2120 Integra,
1015 2089 1079 2112 non
1104 2080 1243 2112 sentiens

211 2128 345 2162 Ventris
369 2126 417 2159 tui
440 2125 557 2159 medio.
898 2128 1037 2160 Poenam
1060 2129 1242 2169 puerperio.

106 2188 138 2222 2.
166 2185 290 2227 Gaude,
317 2184 397 2218 felix
422 2183 589 2225 gemmula,
791 2186 824 2219 4.
851 2184 974 2230 Gaude,
1000 2184 1081 2218 felix
1106 2185 1228 2226 civitas,

163 2233 338 2276 Refulgens
362 2240 422 2276 per
445 2232 584 2271 saecula,
849 2233 887 2266 In
913 2243 976 2274 qua
1000 2236 1111 2267 sancta
1135 2234 1263 2267 trinitas

213 2283 291 2316 Flos
319 2283 389 2315 sine
413 2280 577 2324 contagio3
898 2282 997 2315 Trino
1024 2283 1116 2316 sedet
1139 2282 1233 2323 solio;

164 2331 287 2376 Gaude,
320 2330 399 2365 felix
423 2329 558 2372 virgula,
851 2329 972 2376 Gaude,
1000 2330 1079 2364 felix
1104 2331 1206 2363 deitas

164 2380 351 2414 Sanctitatis
376 2379 488 2420 regula
850 2378 896 2411 Et
920 2388 994 2412 caro
1019 2381 1094 2412 sunt
1117 2379 1222 2410 unitas

213 2429 334 2463 Carens
359 2427 445 2461 omni
470 2427 557 2462 vitio.
899 2428 1037 2462 Caelesti
1063 2426 1216 2467 coniugio,
