1651 2700
703 175 964 209 -222——

539 274 570 306 7.
596 272 763 311 Miserere,
788 271 890 312 virgo,
909 270 982 311 tuis,

596 319 714 360 Quibus
740 327 849 350 verum
873 328 991 351 manna
1013 317 1099 359 pluis

643 368 681 398 In
707 367 834 399 deserto
855 366 983 409 saeculi,

594 414 640 447 Ut
663 416 781 446 terram
806 412 1026 453 promissionis

593 461 736 501 Saginati
761 460 827 492 eius
850 460 942 493 bonis

638 507 750 540 Nostri
776 511 908 540 cernant
932 508 1026 541 oculi.

259 596 339 623 Orat.
367 604 422 622 ms.
448 594 561 621 Domus
587 594 691 621 Novae
715 593 806 620 Lucis
831 594 902 620 anni
928 590 1011 620 1477.
1056 592 1127 620 God.
1154 591 1342 620 [ntraieetin.
1369 591 1490 628 Scriptt.

180 632 261 660 Eccl.
282 630 346 661 375.
365 646 402 651 —
422 629 448 663 3,
469 629 489 658 4
507 639 576 658 vero
597 631 668 658 sole.
691 645 725 649 —
747 628 773 663 5,
794 629 812 658 5
831 633 862 658 ‘te
880 630 961 658 fehlt„
984 647 985 650 =

1033 631 1094 658 Der
1107 630 1224 666 Anfang
1242 629 1449 658 wahrscheinli
1453 629 1489 657 ch

180 670 342 704 verilndert,
364 670 415 697 das
435 669 510 696 Lied
531 668 596 696 dem
615 669 696 696 ‘rone
712 668 790 697 nach
808 668 1059 705 m6glicherweise
1078 667 1220 705 Sequenz.

617 808 679 840 174.
710 809 753 840 De
771 809 869 840 beata
888 808 990 841 Maria
1008 809 1045 840 V.

189 888 246 921 la.
273 888 363 927 Vale,
389 888 498 929 regina
523 888 692 928 caelorum,

272 936 352 975 Ave,
381 936 476 967 decus
501 936 693 977 angelorum,

272 982 375 1023 Salve,
410 984 560 1024 gaudium
584 986 776 1024 sanctorum,

323 1030 410 1073 Vale,
437 1031 514 1062 solis
539 1031 645 1073 regia3

188 1107 208 1138 2
219 1115 248 1138 a..
275 1105 354 1137 Vale
370 1115 492 1138 summa
507 1115 583 1146 spes
598 1109 674 1147 post
687 1106 801 1148 Deum,

272 1153 331 1192 Qui
355 1152 403 1184 sic
428 1153 562 1193 deliquit
585 1155 618 1185 in
645 1162 725 1192 eum,

278 1200 365 1239 Quae
388 1201 598 1240 Theophilum
623 1205 688 1233 tam
713 1210 802 1233 reum

322 1246 517 1279 Reformasti
541 1248 679 1290 gloriae3

189 1324 248 1356 3a.
273 1322 364 1364 Vale,
388 1327 492 1355 mater
513 1326 588 1357 Iesu
613 1325 741 1366 Christi,

273 1371 352 1409 Ave,
378 1372 452 1410 quia
475 1374 510 1402 tu
534 1370 624 1403 fuisti

275 1417 351 1450 Sola
376 1418 482 1459 digna,
507 1420 677 1459 suscepisti

321 1466 393 1497 Ave
414 1465 572 1498 Gabrielis
598 1476 671 1506 ore3

189 1541 251 1573 4a.
276 1540 367 1581 Vale,
392 1544 496 1573 mater
521 1551 634 1581 expers
659 1544 765 1583 maris,

320 1589 401 1628 Ave,
426 1588 576 1621 virtutum
600 1590 754 1631 doctrina,

276 1634 376 1666 Porta
401 1635 490 1674 caeli,
512 1639 625 1675 portus
646 1638 755 1679 maris,

324 1682 431 1720 Porta,
456 1683 517 1725 via,
543 1683 710 1727 medicina,

275 1728 387 1760 Potum
412 1730 498 1762 vitae
520 1730 670 1762 salutaris

324 1775 510 1809 Sitienfibus
534 1778 679 1817 propina.

870 889 928 923 lb.
953 889 1044 929 Vale,
1070 889 1171 929 virgo,
1196 887 1270 920 fons
1294 888 1470 929 hortorum,

956 936 1093 969 servans
1118 936 1275 976 virginale
1298 936 1436 975 thorum,

952 985 1034 1024 Ave,
1065 984 1153 1016 scala
1175 985 1389 1023 peccatorum,

979 1031 1039 1063 Via
1063 1032 1143 1063 caeli
1167 1031 1264 1071 regia.

868 1107 930 1140 2b.
955 1107 1047 1147 Vale,
1072 1107 1174 1147 virgo,
1198 1114 1316 1138 novum
1340 1105 1466 1147 mirum,

956 1154 1043 1193 Quae
1056 1154 1256 1186 claudentem
1275 1154 1355 1185 caeli
1371 1163 1484 1194 gyrum

954 1201 1074 1234 Mulier
1099 1201 1277 1233 circumdas
1302 1201 1407 1233 virum

1002 1251 1164 1281 Aeternae
1187 1249 1369 1283 memoriae.

871 1326 930 1360 ab.
957 1325 1047 1366 Vale,
1074 1326 1149 1365 quia
1174 1324 1351 1365 credidisti,

955 1374 1035 1413 Ave,
1061 1373 1136 1412 quia.
1161 1372 1346 1413 concepisti,

956 1419 1078 1460 Gaude,
1105 1421 1181 1460 quia
1203 1420 1371 1462 peperisti,

1002 1467 1106 1510 Salve,
1134 1470 1236 1499 mater
1259 1476 1342 1499 novo
1365 1476 1464 1502 more.

871 1543 930 1578 4b.
958 1544 1047 1585 Vale,
1076 1544 1116 1575 de
1140 1552 1202 1585 qua
1225 1542 1284 1575 flos
1309 1543 1449 1584 virtutis,

1003 1591 1207 1623 Procreatrix
1230 1594 1266 1622 tu
1292 1591 1410 1631 divina,

959 1637 1077 1670 Confer
1100 1647 1193 1678 opem
1219 1638 1380 1670 destitutis

1001 1685 1049 1717 Et
1070 1685 1104 1716 in
1126 1686 1208 1717 hora
1231 1686 1417 1724 vespertina.

957 1732 1009 1764 Sis
1032 1731 1125 1765 nobis
1149 1735 1246 1772 porta
1267 1732 1391 1773 salutis,

1003 1780 1160 1812 Liberans
1185 1789 1205 1811 a
1228 1782 1331 1813 morte
1352 1780 1448 1815 trina.

260 1860 340 1888 Orat.
370 1870 424 1889 ms.
450 1862 562 1891 Domus
587 1863 692 1891 Novae
713 1864 804 1891 Lucis
835 1865 905 1892 anni
933 1863 1013 1892 1477.
1061 1863 1130 1892 cod.
1156 1864 1342 1893 Uitraiectin.
1366 1862 1488 1900 Scriptt.

180 1897 260 1926 Eccl.
281 1896 342 1927 375.
368 1915 406 1918 —
428 1898 478 1934 Ia,
498 1899 519 1928 4
533 1901 605 1929 solis
625 1902 736 1937 reg-ina.
759 1917 797 1922 —
815 1901 868 1936 42,
889 1900 907 1930 5
926 1902 988 1930 und
1010 1901 1027 1931 6
1046 1903 1223 1939 umgesteut„

526 2040 585 2072 175.
614 2041 722 2073 oratio
744 2042 784 2074 ad
802 2043 931 2074 beatam
950 2043 1083 2075 Mariam
1102 2043 1139 2075 V.

195 2120 226 2153 1.
253 2119 341 2162 Vale,
368 2120 466 2158 salve,
492 2121 581 2162 virgo
606 2122 669 2161 pia,

253 2167 309 2199 Me
333 2166 448 2209 solare,
474 2177 592 2207 sponsa
617 2170 678 2211 dia,

252 2214 335 2246 Nam
350 2223 419 2245 sum
436 2217 584 2258 maestus,
602 2219 639 2248 ut
654 2218 806 2250 scelestus

299 2262 422 2303 Dignus
446 2262 543 2303 plaga
565 2263 710 2306 Domin‘13

251 2310 401 2350 Magnam
427 2313 532 2342 tamen
557 2319 646 2350 spem
664 2313 804 2354 concepi,

252 2358 279 2390 O
302 2357 419 2398 Maria,
448 2366 515 2389 cum
540 2358 680 2402 percepi,

254 2405 343 2444 Quod
367 2405 411 2437 sis
438 2406 512 2438 data
537 2405 694 2438 advocata

303 2453 370 2485 Reo
394 2453 488 2485 nimis
513 2453 642 2488 homini.

879 2126 910 2157 2.
936 2123 1085 2156 Maerens
1110 2125 1204 2157 nimis
1231 2128 1280 2157 est
1302 2134 1357 2157 cor
1372 2134 1488 2168 meum,

936 2172 960 2204 O
986 2172 1103 2212 Maria,
1127 2173 1201 2213 quia
1224 2173 1329 2205 Deum

935 2220 1026 2252 Tunc
1050 2219 1177 2264 offendi,
1205 2229 1276 2253 cum
1302 2221 1454 2254 descendi

985 2266 1098 2300 Carnis
1122 2268 1157 2299 in
1180 2266 1354 2312 flagitium;

933 2315 1075 2347 ‚Mundus
1101 2323 1187 2348 eram
1213 2321 1246 2349 et
1268 2317 1417 2357 pudicus,

936 2362 961 2395 Ο
983 2362 1100 2405 Maria,
1127 2363 1184 2396 sed
1209 2364 1337 2405 iniquus

932 2410 990 2442 Me
1013 2409 1165 2454 foedavit,
1192 2420 1264 2443 cum
1287 2413 1424 2446 minavit

981 2458 1117 2490 Veneris
1138 2458 1174 2491 in
1195 2459 1318 2493 vitium.
