1651 2700
779 149 1011 185 ,18ss

258 250 312 283 21.
338 246 381 284 In
405 253 437 282 te
463 258 587 282 cursum
611 249 700 281 tendi
724 255 846 280 sursum

383 298 436 330 Da
458 306 517 337 per
540 299 589 329 'tot
610 295 785 335 naufragia,

336 345 499 385 Stringens
505 353 621 385 ursum,
629 352 669 374 ne
675 351 731 375 nos
737 349 861 373 rursum

382 392 503 425 Trahat
528 391 569 423 ad
595 390 747 431 contagia.

256 451 312 484 22.
336 446 462 490 Murus,
480 451 583 489 porra,
602 446 723 487 byssu5‚
739 447 858 486 sporta,

382 496 481 536 Virga
505 495 608 527 nitens
632 502 737 534 aurea,

336 544 391 576 Me
414 544 577 583 supporta,
603 550 660 580 spe
685 539 837 577 conforta,

382 590 459 623 Dita
489 589 567 622 caeli
590 596 673 621 area.

255 649 309 682 23.
334 644 434 681 Livor
461 645 544 678 fellis
569 644 675 676 multis
700 642 793 675 bellis

381 693 501 726 Tui-bat
526 692 631 724 cordis
656 691 748 730 atria,

333 741 369 773 In
394 739 542 781 procellis
567 738 625 771 sub
651 737 786 779 flagellis

379 787 484 821 Gemit
509 787 611 818 carnis
635 786 750 825 patria.

251 846 305 879 24.
332 841 403 887 Eia,
429 844 501 876 veni
525 846 561 875 tu
586 846 617 876 et
640 844 705 875 leni

381 892 494 926 Cordis
519 894 567 923 tot
593 891 760 929 contraria,

330 939 397 971 Aut
420 939 453 971 in
480 940 568 971 caeni
591 942 656 972 tam
682 938 809 971 obsceni

376 987 568 1028 Submergor
592 987 733 1027 angaria.

251 1045 308 1076 25.
333 1040 418 1077 Risu
438 1042 557 1084 fletum,
582 1045 697 1084 plausu
720 1047 837 1076 metum

379 1092 471 1124 Muta
495 1092 609 1124 sedans
635 1091 760 1132 bellica,

333 1138 395 1171 Gor
418 1139 557 1178 quietum
581 1140 622 1172 sit
648 1142 679 1171 et
703 1141 833 1180 laetum,

378 1186 487 1226 Longe
512 1187 576 1219 sint
598 1187 780 1227 procellica.

252 1244 306 1276 26.
333 1239 437 1277 Busii
462 1244 515 1275 die
537 1246 582 1284 m,
606 1244 746 1277 Messiae

378 1291 494 1331 Mater,
526 1291 596 1324 dele
620 1292 699 1324 vitia

332 1337 377 1369 Et
398 1341 473 1380 post
496 1338 567 1372 viae
591 1349 718 1372 cursum
741 1341 795 1380 pie

381 1385 481 1418 Nobis
506 1386 549 1418 sis
571 1388 721 1427 propitia.

253 1443 306 1474 27.
335 1438 384 1476 Et
408 1452 476 1474 cum
504 1443 594 1475 dirae
619 1444 686 1476 dies
709 1444 778 1476 irae

380 1490 453 1522 Fiet
477 1491 570 1522 nimis
594 1492 735 1532 horrida,

336 1536 409 1569 Non
433 1538 549 1580 perire,
574 1538 632 1571 sed
658 1540 745 1571 exire

382 1584 449 1616 Fac
475 1585 514 1616 de
538 1594 617 1618 zona
640 1586 773 1619 torrida.

254 1641 311 1674 28.
336 1637 489 1675 Belluina
514 1643 616 1674 carnis
641 1643 724 1684 vina,

382 1688 501 1721 Mentis
527 1698 607 1729 quae
631 1694 704 1722 sunt
733 1692 830 1732 toxia,

335 1735 395 1775 Tu,
423 1736 530 1769 divina
553 1738 718 1781 medicina,

383 1783 493 1824 Misce,
520 1793 560 1816 ne
584 1786 649 1817 sint
670 1786 774 1818 noxia.

255 1840 310 1872 29.
334 1836 386 1874 Ne
409 1843 567 1873 tantorum
592 1850 643 1874 me
666 1843 819 1877 malorum

384 1888 527 1920 Obruant
549 1891 701 1931 pericula,

340 1934 583 1968 Commissorum
608 1942 642 1970 tu
666 1947 807 1972 meorum

383 1983 530 2016 Dissolve
556 1987 699 2020 reticula.

923 247 978 280 30.
1006 243 1084 287 Die,
1111 244 1226 286 Maria,
1253 244 1343 286 virgo
1368 243 1430 284 pia,

1054 292 1151 326 Unde
1175 292 1255 324 mihi
1279 292 1382 331 venia,

1005 339 1076 371 Nisi
1102 339 1156 370 dia
1178 339 1212 371 in
1237 339 1350 380 sophia

1052 387 1129 427 Spei
1155 387 1210 418 des
1237 385 1411 419 encaenia?

922 445 976 478 31.
1004 441 1058 477 ΤΠ
1084 443 1231 476 sublimis
1257 444 1335 475 hera
1358 441 1464 482 nimis,

1048 491 1122 523 Due
1146 500 1204 523 nos
1228 491 1319 530 lociS,
1347 488 1483 528 domina,

1001 538 1054 570 Ab
1080 538 1129 570 his
1154 538 1226 570 imis
1251 539 1284 569 in
1311 536 1426 577 opimis

1048 585 1157 617 Dubia
1180 588 1256 627 post
1279 585 1393 617 omina.

922 645 977 677 32.
1004 639 1141 676 Fructu
1166 641 1243 684 feta,
1271 651 1332 683 quo
1356 642 1462 674 deleta

1052 690 1186 723 Constat
1211 689 1412 730 offendicula,

1003 738 1096 777 Auge
1120 738 1215 778 laeta,
1244 738 1285 771 da
1310 738 1418 778 quieta

1051 786 1244 825 Temporum
1268 786 1437 819 curricula.

921 844 976 877 33.
1004 840 1058 876 ΤΠ
1083 843 1205 879 sodalis
1232 843 1370 887 curialis,

1053 891 1249 924 Conductrix
1270 892 1408 933 egregia,

1002 938 1069 971 Nos
1095 948 1115 970 a
1138 939 1231 972 malis
1256 939 1319 971 tuis
1344 938 1405 971 alis

1050 987 1146 1027 Tege,
1174 987 1264 1027 virgo
1289 987 1388 1027 regia.

923 1045 979 1078 34.
1005 1041 1139 1079 Ventus
1163 1046 1247 1087 urat,
1273 1044 1375 1076 hostis
1402 1042 1490 1076 furat

1050 1092 1194 1132 Stringat
1217 1093 1269 1124 vel
1292 1092 1411 1132 inopia,

1002 1139 1095 1172 Mens
1109 1149 1172 1172 non
1185 1143 1287 1181 curat,
1301 1148 1396 1180 quam
1408 1143 1538 1172 securat

1051 1188 1121 1219 Tua
1147 1187 1249 1220 dulcis
1276 1188 1378 1228 copia.

921 1246 976 1277 35.
1003 1242 1133 1279 Tristis
1157 1244 1260 1285 quivis
1284 1244 1398 1277 mundi
1422 1245 1501 1277 civis

1053 1292 1156 1332 Culpa
1183 1292 1224 1325 de
1247 1293 1426 1333 praeterita

1003 1340 1125 1381 Ροῗθεῖ,
1150 1341 1179 1372 si
1202 1340 1262 1382 vis,
1285 1340 1376 1381 iungi
1398 1340 1482 1373 vivis

1051 1389 1121 1420 Tua
1145 1397 1204 1429 per
1227 1389 1431 1428 praemerita.

924 1447 979 1478 36.
1006 1442 1070 1485 Tu,
1098 1454 1180 1485 quae
1201 1445 1301 1477 menfi
1321 1445 1500 1485 paenitenti

1054 1492 1130 1525 Sola
1154 1492 1219 1525 fers
1244 1493 1378 1536 colliria‚

1004 1540 1086 1573 Asta
1108 1538 1199 1573 flenti
1222 1541 1276 1573 vei
1299 1542 1449 1582 gementi,

1054 1588 1192 1628 Respice
1216 1588 1366 1629 suspiria.

927 1645 982 1677 37.
1008 1640 1096 1677 Iram
1120 1646 1199 1687 nati,
1224 1648 1289 1678 ‘tam
1313 1646 1390 1678 irati

1053 1692 1195 1734 Mollias,
1224 1693 1417 1735 christifera,

1008 1739 1059 1771 Ne
1082 1741 1207 1780 peccati
1230 1743 1409 1782 perpetrati

1054 1788 1164 1821 Poena
1187 1789 1231 1821 sit
1253 1789 1430 1824 mortifera.

927 1846 981 1878 38.
1008 1846 1122 1886 Amen,
1149 1848 1264 1888 Amen,
1290 1856 1350 1888 per
1374 1847 1508 1882 affamen

1054 1894 1125 1926 Hoc
1150 1897 1183 1926 et
1203 1904 1263 1934 per
1287 1896 1406 1929 similia

1006 1941 1155 1974 Praestet
1160 1941 1273 1975 flamen
1281 1948 1437 1987 sanctum,
1445 1949 1552 1978 tamen

1054 1989 1088 2022 Si
1113 1991 1268 2024 accedant
1292 1993 1391 2027 milia.

323 2037 391 2065 Cod.
412 2040 536 2067 Parisin.
559 2039 664 2069 11343.
689 2051 760 2070 πᾶν.
775 2041 816 2071 15.
838 2044 873 2071 A.
895 2059 931 2063 —-
951 2044 1034 2072 Nach
1056 2045 1121 2074 dem
1134 2046 1353 2076 Vorsetzblatte
1373 2051 1454 2078 einer
1466 2051 1553 2079 Bres-

244 2076 327 2104 lauer
338 2076 503 2105 Inkunabel
515 2079 561 2106 bei
571 2079 681 2106 Friedr.
694 2081 802 2114 Haase,
813 2082 1070 2111 miscellaneorum
1081 2085 1328 2123 philolog-morum
1338 2087 1390 2116 lib.
1403 2087 1430 2114 V
1450 2097 1485 2116 ca
1507 2110 1513 2116 .
1524 2087 1552 2118 4.

242 2112 378 2147 (Bresiau
400 2112 491 2149 1863).
509 2117 542 2144 B.
557 2132 594 2136 —
609 2115 636 2148 3,
650 2115 668 2143 2
689 2119 786 2146 claudi
806 2128 852 2147 me
865 2121 910 2148 ve]
927 2121 996 2148 audi
1009 2122 1043 2149 A.
1059 2137 1096 2141 —
1110 2120 1137 2157 3,
1151 2122 1172 2151 4
1192 2126 1237 2152 est
1250 2128 1319 2151 ante
1332 2108 1453 2154 saecul’a
1466 2098 1504 2155 AI.)
1516 2143 1553 2148 —

244 2151 270 2186 5,
291 2151 310 2180 4
331 2152 434 2180 Carnis
454 2153 488 2180 A.
507 2168 546 2173 ——
560 2153 584 2188 9,
598 2153 619 2182 4
637 2156 669 2182 in
688 2158 785 2192 patria
799 2158 833 2185 A.
849 2172 883 2176 —
900 2157 934 2186 11
959 2157 977 2186 2
998 2168 1016 2187 a
1036 2160 1183 2189 dementia
1202 2162 1235 2189 B.
1250 2176 1288 2181 —-
1304 2160 1339 2189 12
1363 2162 1383 2191 4
1397 2164 1444 2192 Ad
1484 2174 1553 2195 uae-

244 2199 357 2257 cunqusse
381 2191 475 2257 (Ῑθῖῑξ-
486 2192 535 2258 ΙΒὶ
550 2208 586 2258 —t
602 2190 652 2258 1113,
664 2191 686 2258 Ξ
698 2191 780 2222 Inter
799 2197 895 2260 effluis
909 2180 945 2224 B.'
960 2212 997 2217 —
1011 2196 1057 2232 14,
1072 2198 1087 2226 1
1108 2201 1138 2226 te
1157 2200 1293 2244 iuti-icem
1305 2183 1391 2245 ³3:²—
1408 2201 1452 2247 15,
1467 2205 1473 2212 ⁴
1499 2213 1555 2233 nec

244 2238 323 2302 13ἴέ
336 2250 421 2296 P'aris
438 2239 611 2297 niunessuss
622 2240 661 2297 13³
670 2241 706 2288 —S
716 2233 801 2304 {va—4
814 2232 897 2304 (ὶέοἶ
911 2235 1015 2309 ἓξὲξ
1026 2236 1112 2308 gui}
1119 2234 1172 2302 r1egs'
1180 2237 1453 2311 13,ῑὲΐὲδέθῶἔὲ
1466 2244 1500 2310 ξ.
1515 2259 1554 2302 ἶ-

244 2304 290 2340 21,
310 2305 330 2334 2
355 2305 495 2342 suffragia
515 2308 546 2335 B.
576 2322 611 2326 —
634 2305 681 2343 21,
702 2306 720 2336 3
743 2318 782 2336 ne
800 2310 833 2337 vi
851 2319 968 2338 rursum
986 2312 1021 2339 Β.
1050 2327 1087 2332 —
1111 2310 1163 2346 22,
1186 2312 1202 2340 1
1224 2313 1332 2342 Murtis
1356 2321 1444 2353 porta
1461 2320 1496 2348 B.
1517 2337 1554 2342 —

245 2342 290 2376 22,
312 2343 329 2371 2
351 2343 465 2372 Cellula
484 2347 621 2374 nectarea
639 2346 672 2373 B.
693 2363 729 2367 —
751 2345 795 2381 22,
816 2346 836 2375 4
855 2349 930 2376 caeli
949 2350 1059 2384 gaudia
1077 2352 1119 2382 A;
1142 2350 1224 2379 Caeli
1245 2351 1301 2380 duc
1320 2354 1353 2381 iu
1373 2364 1442 2384 area
1461 2359 1486 2386 B
1515 2376 1555 2381 -

246 2380 290 2416 24,
310 2382 330 2411 4
349 2381 526 2421 submergar
545 2384 578 2411 B.
597 2398 636 2403 -—
655 2382 700 2418 26,
721 2382 739 2412 2
759 2385 857 2413 delens
878 2388 910 2414 Β.
929 2401 966 2405 -
986 2386 1031 2421 29,
1050 2386 1065 2415 1
1087 2388 1273 2417 Delictorum
1292 2394 1325 2418 tu
1344 2394 1378 2421 Β.
1392 2409 1427 2414 -—
1445 2380 1494 2424 St·
1515 2396 1553 2426 31

245 2421 303 2448 und
324 2419 361 2450 33
382 2423 549 2450 vertauschss
566 2423 600 2450 B.
621 2437 656 2442 —
677 2420 721 2455 31,
744 2421 762 2450 2
781 2424 854 2452 lucis
875 2424 994 2453 domina
1013 2427 1046 2454 B.
1065 2442 1105 2446 —
1123 2425 1169 2461 35,
1192 2426 1207 2455 1
1228 2428 1329 2457 mundi
1349 2433 1376 2459 si
1394 2434 1441 2461 vis
1461 2407 1502 2463 ΒΓ,
1516 2452 1553 2457 .-

246 2456 290 2495 35,
314 2459 331 2488 :3
352 2460 454 2490 Potest
472 2463 546 2489 civis
565 2461 599 2490 B.
619 2477 657 2483 -—
676 2459 721 2499 38,
741 2460 762 2490 4
780 2462 916 2490 accidant
933 2463 967 2491 B.
