1651 2700
697 139 956 176 -235—

181 237 241 271 va.
269 237 367 278 Virgo
390 237 560 278 virginum.
869 239 928 274 7b.
957 241 1086 280 Nosque
1107 239 1174 273 filio

264 284 392 326 Expers
416 286 593 327 criminum,
952 289 1020 321 Tuo
1046 291 1109 320 tam
1135 289 1199 328 pio,

265 332 372 365 Decus
396 333 570 375 hominum,
953 337 1033 369 Tam
1057 335 1197 375 propitio

315 380 404 415 Caeli
431 381 569 421 domina,
1000 383 1194 424 Reconcilia,

269 427 361 460 Salus
387 430 537 468 gentium,
951 431 997 464 Et
1020 431 1062 463 ad
1084 431 1201 471 gaudia

268 475 349 516 Spes
374 474 529 517 fidelium,
953 478 1021 511 Nos
1046 479 1200 518 perennia

264 522 388 555 Lumen
416 524 558 556 cordium
954 526 1027 559 Duo
1051 526 1201 567 propitia,

315 571 383 604 Nos
408 571 564 604 illumina.
1002 574 1073 606 Duc
1097 582 1194 614 prece
1215 573 1278 613 pia,

679 639 711 671 8.
737 639 839 681 Virgo
861 639 976 673 Maria.

248 702 319 730 Cod.
332 702 482 731 Matriten.
497 703 550 732 Bb.
573 701 636 732 150.
657 712 732 732 saec.
755 702 799 733 14.
832 704 959 741 (Daraus
978 707 1011 733 in
1023 705 1141 733 Boletin
1160 706 1196 733 de
1214 705 1246 732 la
1258 705 1321 732 real
1335 704 1486 732 academia

170 741 206 768 de
226 740 258 768 la
278 740 404 769 historia
424 742 474 777 VI,
496 739 553 770 392
573 740 611 776 ff.)
643 743 734 770 Diese
752 740 846 777 (nicht
868 742 1051 780 liturgische)
1072 743 1204 779 Sequenz
1224 744 1264 770 ist
1283 743 1330 770 die
1343 742 1485 770 vorletzte

169 780 203 807 in
225 780 306 806 einer
319 778 413 807 Reihe
432 788 491 807 von
506 776 542 806 23
552 780 773 814 Meditationen,
787 790 846 809 von
861 781 955 809 denen
968 791 1023 809 nur
1037 781 1084 808 die
1097 782 1201 810 beiden
1215 781 1324 809 letzten
1335 780 1485 816 poetisohe

168 818 258 846 Form
278 817 384 846 haben.
402 832 439 836 -
459 817 614 846 Verfasser
633 818 729 846 dieser
741 819 951 847 Meditationes
972 819 1130 848 seeundum
1144 828 1295 847 numerum
1311 823 1340 846 et
1355 818 1484 846 ordinem

170 855 331 891 Alphabeti
352 857 394 883 ist
413 855 472 883 Gi}
491 864 561 883 von
576 856 726 884 Zamora
744 855 901 891 (Iohannes
920 856 1080 894 Aegidius).
1113 858 1180 894 Vgl.
1195 856 1280 885 Anal.
1294 857 1374 890 XVI,
1390 854 1435 884 62.
1448 871 1486 875 —

171 891 217 927 26,
235 891 252 920 2
274 893 314 921 Co
336 896 396 921 itur
412 894 505 930 quod3
527 892 700 922 silbenzaffl
719 895 779 922 und
797 895 882 923 Reim
901 895 1019 923 sordem
1039 897 1116 931 quia.
1130 911 1170 915 —
1188 894 1240 929 4a,
1255 893 1275 923 4
1294 896 1335 923 Et
1347 896 1486 923 Iusssinia-

170 939 235 958 nus.
256 946 293 950 —
340 940 365 967 a,
381 929 399 959 3
421 932 568 965 Quoniam
589 932 642 959 sol.
658 946 697 952 —
717 932 893 961 Aufsehrist:
916 934 1043 970 „Ineipst
1061 934 1149 962 XXII
1169 934 1319 961 meditatio
1342 935 1371 961 et
1390 934 1484 960 oratio

168 970 295 1006 virginis
317 970 463 1005 iucipiens
485 971 523 998 ab
544 969 601 997 hac
619 970 708 998 litera
726 967 780 997 Y.“
