1651 2700
701 129 961 165 —147—

185 222 217 253 3.
247 220 300 252 Ad
324 223 367 262 te,
392 222 495 264 virgo,
519 233 633 256 manus
656 225 765 268 tendo,

243 268 299 300 Me
323 278 475 309 peccasse
501 272 711 312 reprehendo,

243 315 358 349 Fundo
383 327 497 357 preces
523 320 565 351 ad
590 322 623 351 te
646 319 764 360 flendo,

291 363 337 397 Ut
354 365 398 396 sis
423 365 456 397 in
482 367 644 400 auxilium.

184 422 216 453 4.
246 420 473 454 Peccatoribus
498 424 617 455 teneris

244 468 345 508 Opem
370 468 474 510 ferre3
501 479 559 502 cur
567 472 582 502 ‘r
608 472 636 503 si
661 473 798 514 quaeriS,

240 516 328 548 Audi
354 526 462 557 quare,
489 518 516 550 si
543 519 694 560 digneris,

292 565 457 598 Castitatis
482 566 594 598 lilium.

185 621 218 654 5.
246 621 327 660 Quia
352 622 496 663 verbum,
523 624 723 655 incarnatum

245 669 383 708 Propter
405 670 541 702 hominis
565 673 743 711 peccatum,

243 716 318 748 Tibi
344 716 470 749 confert
494 718 708 758 principatum

292 763 495 805 caelestium,
523 766 734 799 terrestrium.

873 229 905 260 6.

872 427 903 459 7.

873 626 904 659 8.

930 227 1002 268 Eia,
1028 227 1132 259 mater
1158 222 1313 270 [illibata]

932 271 1007 318 [Eia
1031 270 1154 318 nostra]
1182 274 1338 306 advocata

929 321 1141 362 Redemptori
1168 321 1296 353 Christo
1321 324 1422 362 grata,

977 370 1115 411 Respice
1138 369 1320 409 suspirium.

929 426 1043 459 Funde
1069 434 1192 467 preces,
1218 426 1312 465 placa
1337 426 1450 467 Deum,

930 476 960 506 A
984 472 1126 514 peccatis
1151 473 1239 505 solve
1263 482 1362 517 reum,

929 521 984 553 Nil
1010 521 1151 563 negabit,
1178 521 1334 560 quidquid
1361 530 1431 552 eum

977 569 1095 610 Rogas,
1121 577 1185 600 non
1211 571 1260 599 est
1285 568 1426 602 dubium.

930 625 1014 657 Dum
1039 625 1183 665 precaris
1208 625 1411 666 salvatorem,

929 674 1014 705 Iram
1040 672 1137 705 vertit
1159 672 1192 703 in
1213 681 1353 705 amorem

927 720 972 752 Et
997 720 1156 753 convertit
1178 723 1380 759 peccatorem

970 768 1015 800 Et
1038 769 1183 807 praestat
1207 767 1394 802 subsidlum.

526 823 556 855 9.
585 822 616 854 Α
642 824 675 853 te
701 830 775 863 ergo
800 832 863 855 non
888 824 1013 868 recedo,

583 869 660 901 Vita
683 872 803 909 nostra,
830 879 915 911 spes,
943 872 1090 911 dulcedo,

583 918 647 949 Per
671 920 703 948 te
728 926 779 949 me
803 918 992 950 salvandum
1017 919 1124 959 credo,

633 964 717 996 Vera
740 974 814 1005 spes
840 966 1049 999 credentium.

246 1029 326 1056 Orat.
347 1037 400 1056 ms.
421 1029 574 1057 Gelriense
594 1038 670 1057 saec.
693 1028 738 1057 15.
768 1030 838 1058 Cod.
853 1031 987 1058 Bremen.
1008 1040 1024 1058 c
1046 1029 1090 1059 15.
1110 1044 1148 1048 -
1168 1028 1194 1063 2,
1211 1028 1226 1057 1
1248 1033 1276 1058 te
1290 1034 1428 1067 portavit.
1442 1047 1480 1051 —

167 1064 193 1101 3,
214 1064 234 1094 4
254 1067 295 1094 sis
315 1067 388 1094 mihi
407 1068 448 1095 in.
470 1084 505 1087 —
526 1066 553 1102 4,
577 1065 595 1096 3
616 1076 714 1103 quare,
735 1067 800 1096 fieri
821 1068 959 1104 dig-neris.
980 1083 1018 1087 —
1038 1067 1065 1103 5,
1082 1066 1097 1095 1
1113 1069 1191 1102 Quia
1205 1077 1241 1096 ex
1254 1071 1284 1096 te
1296 1070 1427 1097 verbum.

181 1696 236 1729 10.

177 1935 232 1968 15.

175 2177 231 2209 20.

170 2419 225 2451 25.

517 1187 577 1220 103.
609 1187 716 1219 Oratio
740 1187 781 1219 ad
801 1188 928 1220 beatam
947 1188 1079 1220 Mariam
1099 1188 1135 1219 V.

263 1268 288 1300 Ο
314 1267 431 1309 Maria,
457 1270 560 1300 mater
584 1267 657 1307 Dei,

261 1315 356 1348 Habe
383 1324 500 1356 curam,
524 1324 652 1356 quaeso,
678 1316 741 1348 mei

263 1363 317 1405 Et,
344 1363 429 1403 quod
455 1372 531 1403 rogo
558 1362 655 1395 corde
678 1366 756 1403 toto,

260 1411 348 1442 Ante
373 1413 521 1449 mortem,
553 1411 625 1442 dum
651 1413 793 1455 aegroto,

260 1458 458 1490 Daemonum
483 1459 605 1498 repelle
629 1459 741 1499 minas,

261 1506 317 1538 Me
342 1506 465 1538 custodi
491 1514 594 1546 neque
618 1506 704 1537 sinas

262 1554 326 1586 Per
349 1554 533 1594 languorem
560 1554 698 1585 delirare

260 1600 394 1633 Sensum
417 1610 523 1633 meum
547 1610 608 1632 nec
633 1610 742 1633 errare

261 1649 362 1680 Tuam
385 1651 520 1689 propter
544 1649 706 1689 pietatem,

264 1696 328 1729 Sed
353 1697 394 1729 ad
419 1705 543 1728 omnem
571 1697 764 1729 voluntatem

262 1744 382 1777 Christi
407 1747 513 1776 rectus
538 1748 574 1776 ut
597 1745 762 1786 perduret,

259 1792 330 1824 Tua
353 1792 457 1826 virtus
479 1792 541 1824 hoc
564 1794 726 1833 procuret.

259 1840 358 1881 Virgo
385 1840 503 1872 clarior
527 1849 652 1882 aurora,

259 1888 298 1920 In
322 1888 490 1920 tremenda
514 1888 626 1920 mortis
651 1888 731 1920 hora

259 1936 339 1968 Post
363 1934 469 1967 finitos
494 1936 687 1975 temporales

259 1984 382 2025 Annos,
408 1983 535 2023 quando
562 1983 743 2023 corporales

260 2031 351 2064 Oculi
377 2031 570 2064 clauduntur
592 2031 662 2074 mei,

259 2080 354 2112 Meae
379 2079 465 2111 salus
492 2084 561 2112 esto
586 2079 655 2119 spei

256 2127 311 2168 Et,
338 2127 423 2168 quod
449 2130 557 2159 mente
581 2136 657 2168 rogo
683 2129 760 2167 tota,

256 2175 346 2208 Loca
371 2176 484 2208 ductus
510 2176 553 2208 ad
577 2175 697 2216 ignota.

256 2224 334 2256 Post
359 2223 443 2256 hanc
467 2223 694 2256 villicationem

255 2271 340 2304 Dum
365 2281 537 2312 pravorum
563 2271 721 2304 rationem

257 2319 363 2361 Cogor
387 2320 527 2352 reddere
552 2319 720 2361 factorum,

253 2368 319 2401 Ubi
344 2368 450 2401 nullus
474 2369 647 2401 amicorum

251 2417 307 2451 Me
332 2417 466 2459 iuvabit,
493 2426 596 2458 neque
618 2418 713 2457 pater

866 1460 920 1492 30.

865 1699 921 1731 35.

863 1938 918 1971 40.

861 2178 918 2210 45.

860 2418 916 2452 50.

949 1268 1062 1309 Neque
1086 1277 1177 1300 soror
1201 1277 1304 1309 neque
1329 1268 1440 1309 frater,

949 1316 1071 1349 Christi
1094 1316 1229 1348 vulnera
1252 1325 1311 1356 per
1336 1318 1432 1356 quina

947 1364 999 1396 Ab
1024 1363 1143 1395 inferni
1166 1372 1218 1394 me
1242 1364 1367 1396 sentina

946 1411 1081 1444 Liberes
1108 1413 1140 1442 et
1162 1419 1222 1451 per
1247 1420 1393 1443 cruorem

949 1458 1181 1500 Sanguinisque
1203 1467 1262 1499 per
1286 1459 1446 1501 sudorem,

946 1507 1062 1547 Plagas
1088 1506 1278 1546 crebrasque
1304 1507 1474 1550 virgarum,

945 1554 1046 1587 Fellis
1071 1554 1221 1594 poculum
1247 1563 1399 1596 amarum,

946 1601 1058 1641 sputa,
1080 1601 1210 1645 probra,
1239 1601 1352 1641 quibus
1372 1602 1478 1635 laesus

947 1649 1025 1681 Fuit
1050 1652 1082 1681 et
1105 1649 1139 1680 in
1165 1649 1254 1680 vultu
1281 1658 1391 1681 caesus

949 1696 1162 1737 Colaphisque
1187 1696 1384 1738 verberatus,

948 1744 1056 1785 Spinis
1084 1744 1210 1776 demum
1237 1747 1416 1785 coronatus,

945 1792 1155 1832 Lanceaeque
1178 1801 1238 1832 per
1261 1791 1398 1824 fixuram

944 1840 989 1873 Et
1005 1849 1064 1880 per
1080 1842 1216 1872 mortem
1233 1840 1335 1872 crucis
1354 1840 1477 1881 duram,

946 1888 1078 1927 Quando
1106 1888 1246 1920 clamans
1272 1888 1450 1928 exspiravit

943 1936 989 1968 Et
1012 1936 1060 1968 sic
1083 1936 1236 1968 mundum
1261 1935 1460 1969 reformavit.

945 1984 1008 2016 Per
1034 1983 1185 2027 dolorem,
1214 1993 1274 2024 quo
1300 1982 1418 2017 flevisti

945 2032 1059 2064 Totam
1083 2031 1263 2071 passionem
1290 2032 1421 2073 Christi,

946 2080 1076 2113 Cunctis
1100 2079 1180 2112 locis
1206 2089 1226 2112 a
1250 2089 1436 2122 poenarum,

944 2129 974 2160 A
998 2127 1153 2160 ministris
1178 2128 1394 2168 tenebrarum,

943 2176 1003 2209 Pia
1026 2178 1140 2218 mater,
1166 2184 1217 2207 me
1243 2175 1410 2219 defendaS,

942 2224 1036 2265 Mihi,
1062 2232 1187 2265 precor,
1215 2227 1248 2255 et
1272 2224 1422 2256 ostendas

944 2272 1076 2305 Sacrum
1104 2272 1151 2304 tui
1176 2271 1297 2304 ventris
1323 2270 1473 2304 fructum.

943 2322 1057 2362 Tuum,
1084 2320 1184 2363 virgo,
1208 2328 1267 2360 per
1285 2319 1474 2351 conductum

941 2369 1086 2409 Femina,
1112 2366 1226 2400 florum
1253 2367 1379 2406 decora,

942 2417 1036 2460 Mihi,
1062 2425 1185 2459 precor,
1213 2415 1274 2447 hoc
1297 2414 1446 2456 implora.

1242 2468 1301 2499 10*
