1651 2700
679 146 938 183 —205—

163 241 195 273 3.
223 236 421 278 Imperatrix
446 243 627 283 reginarum

268 286 382 320 Dulcis
408 291 442 321 et
466 289 645 333 mitissima,

221 333 300 367 Flos
325 338 358 367 et
382 345 507 377 gemma
530 338 721 380 puellarum,

268 382 350 414 Mihi
377 384 421 416 sis
446 385 589 426 propitia

221 430 260 463 In
284 429 346 461 hac
371 432 457 463 valle
479 432 683 464 lacrimarum

222 524 350 558 Crimen
374 524 438 558 feci
464 529 496 558 et
519 535 583 559 non
608 536 732 569 parum,

268 572 437 614 Miserere,
466 574 605 609 domina.

160 630 193 664 4.
219 626 288 669 Ego
309 629 408 662 miser
434 631 499 664 vixi
523 631 607 663 male

269 678 409 710 Peccans
434 688 532 721 super
555 688 721 711 numerum

219 724 265 758 Et
288 734 347 766 pro
373 726 477 766 culpis
501 725 662 759 infernale

267 772 377 804 Merui
400 774 605 814 supplicium,

221 819 393 861 Nunquam
416 824 523 854 tamen
549 820 613 853 feci
637 822 703 854 tale

270 868 383 908 Neque
408 872 533 901 tantum
559 869 681 909 vitium,

221 916 302 957 Quin
328 916 372 948 mi
396 926 507 957 posses
531 917 695 949 aeternale

266 964 402 1004 Largire
426 964 613 997 remedium.

851 246 882 278 5.
909 241 974 278 Sed
999 253 1062 276 non
1087 242 1146 285 vis,
1173 244 1257 283 quod
1282 243 1437 276 moriatur

956 292 1111 324 Peccator
1137 299 1196 330 pro
1222 291 1363 330 crimine,

908 339 1008 371 Immo
1033 340 1092 377 viS,
1120 341 1155 369 ut
1181 339 1384 372 convertatur

954 387 999 419 Et
1023 387 1111 419 vivat
1133 390 1297 427 perpetue,

907 434 995 474 Ergo
1018 443 1079 474 per
1101 436 1133 464 te
1157 433 1313 473 largiatur

954 482 1072 513 Munus
1094 480 1312 521 indulgentiae

910 529 1116 569 Spatiumque
1140 528 1333 560 concedatur

954 576 1059 608 Verae
1084 575 1308 615 paenitentiae.

872 656 879 664 .
905 630 998 672 Vale,
1025 635 1136 675 mater,
1164 635 1198 664 tu
1221 630 1382 672 impende,

954 680 1045 720 Quod
1073 680 1117 713 sit
1139 680 1363 719 necessarium,

906 727 996 760 Hora
1020 727 1131 760 mortis
1156 728 1344 760 metuendae

952 775 1019 807 Fer
1043 775 1120 807 mihi
1143 775 1305 816 auxilium,

906 823 937 854 A
962 823 1124 863 gehennae
1148 832 1199 854 me
1229 821 1366 855 defende

953 870 1166 911 Malignorum
1193 871 1389 909 daemonum,

907 918 963 949 Me
989 918 1050 950 duc
1073 920 1175 949 tecum
1203 921 1233 949 et
1258 917 1392 949 ostende

954 965 1038 997 Mihi
1062 969 1149 997 tuum
1174 964 1284 998 filium.

223 1021 304 1049 Orat.
335 1029 389 1048 ms.
416 1022 529 1049 Domus
556 1021 660 1049 Novae
687 1021 777 1049 Lucis
804 1023 875 1047 anm
903 1018 984 1048 1477.
1034 1020 1105 1048 c-d.
1129 1021 1237 1048 Ultraie
1255 1022 1315 1047 :tin.
1341 1019 1459 1055 Scriptt.

146 1058 227 1086 Eccl.
248 1055 314 1086 375.
340 1074 378 1078 —
402 1058 430 1091 4,
451 1058 468 1086 7
491 1060 569 1094 Quin
589 1060 630 1086 ni.
666 1074 692 1078 —
712 1059 769 1087 Str.
798 1055 815 1085 6
840 1058 963 1094 beginnt
982 1060 1037 1085 mit
1056 1066 1145 1086 nnuer
1164 1059 1283 1086 Initiale
1304 1059 1348 1085 als
1371 1057 1462 1085 stuck

145 1096 192 1124 ffir
221 1096 295 1130 sich,

145 1135 219 1172 folgt
238 1134 318 1163 daun
337 1136 428 1163 noch:

325 1097 431 1132 gehfirt
456 1099 527 1126 aber
553 1095 813 1134 augenscheinlich
835 1105 901 1123 zum
923 1096 1197 1133 Vorhergehenden.
1241 1093 1303 1123 Am
1323 1095 1462 1124 Schlusse

606 1173 630 1201 Ο
650 1174 734 1209 virgo
756 1172 937 1208 dulcissima,

604 1211 654 1239 Me
674 1211 764 1239 ducas
785 1210 822 1239 ad
841 1211 952 1247 gaudia

602 1247 664 1285 (Et)
682 1249 739 1277 hoc
758 1251 926 1286 praestante
945 1249 1016 1283 filio,

605 1287 696 1315 Cuius
717 1288 812 1315 dulcis
833 1288 909 1314 visio

604 1326 677 1353 Vita
700 1328 745 1354 est
764 1328 794 1354 et
812 1325 910 1361 gloria

606 1364 664 1391 Per
686 1366 806 1392 aeterna
825 1364 951 1391 saecula.

604 1402 699 1430 Amen
719 1402 784 1430 dico
804 1410 891 1437 prece
911 1402 971 1438 pia,

603 1440 730 1475 Exaudi,
750 1441 837 1475 virgo
857 1440 964 1468 Maria.

143 1486 344 1515 Acrostichon
363 1496 422 1515 von
444 1486 501 1515 Str.
523 1485 541 1515 2
561 1496 612 1515 an:
634 1488 659 1516 O
679 1489 766 1524 Jesu3
787 1487 941 1515 vielleicht
960 1489 1001 1516 ist
1016 1488 1073 1516 Str.
1097 1485 1111 1514 1
1126 1488 1236 1515 Zuthat
1255 1487 1324 1515 oder
1344 1495 1382 1514 an
1404 1486 1460 1513 deu

144 1524 264 1553 Schluss
284 1534 322 1552 zu
342 1528 451 1554 setzen.

590 1599 652 1631 159.
686 1599 727 1631 De
746 1599 844 1632 beata
862 1599 964 1631 Maria
983 1600 1020 1631 V.

159 1662 190 1694 1.
219 1660 414 1700 Sempiterni
439 1660 524 1701 regis
551 1662 663 1701 mater,

265 1710 354 1740 casta
378 1717 453 1749 spes
478 1707 632 1748 fidelium,

216 1756 310 1790 Salus
335 1756 457 1797 mundi,
483 1758 578 1796 porta
604 1756 695 1799 caeli,

264 1804 450 1844 angelorum
474 1803 636 1845 gaudium,

215 1850 304 1884 Audi
327 1854 404 1883 vota
427 1851 617 1884 miserorum

263 1897 324 1930 tibi
348 1898 610 1940 supplicantium,

214 1947 261 1981 Ut
288 1955 366 1986 quos
391 1951 488 1979 vexat
511 1946 711 1980 incessanter

262 1994 425 2035 cogitandi
450 1994 573 2034 vitium,

211 2044 251 2077 In
277 2040 427 2075 conflictu
448 2042 565 2075 mentis
590 2045 678 2075 tuum

260 2090 402 2123 sentiant
425 2089 614 2132 subsidium,

211 2139 263 2173 Ne
288 2147 462 2173 consensus
486 2147 608 2180 pravae
633 2139 738 2172 carnis

261 2187 370 2220 trahat
394 2188 437 2220 ad
460 2186 665 2230 supplicium.

846 1661 878 1694 2.
906 1660 1064 1702 Gloriosa,
1092 1669 1185 1700 quam
1210 1660 1335 1692 beatam

953 1709 1062 1742 dicunt
1086 1716 1197 1747 regum
1221 1707 1317 1750 filiae,

904 1756 1006 1789 Stella
1029 1755 1138 1794 maris,
1164 1755 1258 1788 radix
1283 1756 1380 1798 Iesse,

951 1814 1067 1837 aurora
1090 1803 1242 1845 iustitiae,

903 1853 1003 1885 Placa
1025 1850 1118 1884 nobis
1143 1852 1243 1883 solem
1270 1860 1389 1892 verum,

952 1909 1025 1940 spes
1050 1898 1301 1941 misericordiae,

901 1947 948 1981 Ut
972 1947 1107 1991 eductiS,
1134 1956 1212 1987 quos
1236 1947 1383 1991 redemit,

953 1996 993 2028 de
1016 1996 1090 2027 lacu
1111 1995 1269 2036 miseriae,

900 2044 946 2076 Et
967 2053 1046 2084 quos
1070 2043 1179 2084 lingua
1204 2042 1281 2075 fecit
1308 2052 1390 2084 reos,

947 2092 1052 2124 solvat
1075 2100 1189 2123 munus
1214 2092 1346 2133 gratiae,

901 2140 1050 2173 Praestet
1072 2140 1177 2173 locum
1200 2142 1256 2172 tua
1279 2148 1376 2182 prece

946 2188 981 2220 in
1004 2191 1186 2220 sanctorum
1212 2188 1330 2229 requie.

497 2246 529 2279 3.
555 2244 650 2276 Felix
674 2247 787 2288 mater,
815 2244 903 2277 cuius
928 2245 1032 2277 Deum

601 2295 811 2333 portaverunt
835 2293 970 2335 viscera,

554 2341 677 2375 Cedrus
701 2342 778 2381 alta,
805 2341 956 2383 exaltata,

599 2389 709 2422 lucens
734 2390 820 2423 inter
842 2389 962 2430 sidera,

555 2438 738 2482 Consolare,
764 2446 843 2481 quos
868 2442 1020 2472 accusant

597 2486 804 2520 tenebrarum
828 2495 938 2530 opera,
