1651 2700
316 219 418 256 Facta
443 223 586 257 nefanda
612 228 709 265 retro,
734 230 836 259 taetro
859 236 900 259 ne
923 226 1035 258 laedar
1060 226 1099 258 ab
1125 227 1225 261 hoste.

315 267 384 304 Ros
409 274 442 303 te
470 273 620 315 sacravit,
645 273 735 312 pavit
758 277 791 305 te
814 283 951 314 pneuma
975 274 1112 312 beatum,

316 314 437 351 Vatum
461 321 607 360 materia,
632 321 696 352 tria
720 330 824 362 regem
850 331 982 354 munera
1004 322 1148 356 laudant.

233 366 290 399 70.
318 363 477 400 claudant
501 377 536 400 os
561 368 651 400 stulti
675 367 749 400 fulti
774 368 910 410 falsique
934 370 1105 410 sophistae,

315 411 425 447 Triste
451 424 505 448 cor
529 416 653 454 horum,
684 425 815 456 quorum
840 420 915 449 sunt
937 418 1000 449 ista
1025 417 1165 457 superba

314 458 443 495 Verba:
471 464 560 503 paris
584 464 681 495 maris
708 472 746 496 ex
771 467 859 496 tactu
884 474 939 497 seu
964 465 1083 497 semine
1106 465 1239 507 prolem,

314 506 421 543 Solem
447 511 634 553 caelestem3
660 515 784 551 pestem
808 515 842 544 tu
866 513 952 552 pelle
976 515 1133 553 potenter.

314 554 439 590 Venter
465 559 590 590 clausus
617 561 685 591 erat
708 568 809 600 sacer,
836 563 869 592 at
890 569 974 592 nunc
996 561 1121 600 integra
1148 569 1289 601 quaeque

230 606 284 638 75.
313 602 414 646 Eque,
441 607 618 647 virginitas,
647 606 729 638 ditas
754 616 812 640 nos
837 616 912 639 rore
932 608 1032 647 suavi,

311 649 394 687 Navi
419 654 481 685 iam
507 662 640 694 mersae,
667 662 780 686 versae
806 655 847 687 da
871 664 1027 695 prospera
1046 658 1129 687 vota.

312 699 395 735 Tota
420 702 584 742 puellaris,
610 702 699 741 paris
722 702 834 743 inscia,
861 705 992 743 protege
1017 704 1144 747 clerum,

310 746 433 782 Rerum
458 749 626 792 servatrix,
656 749 762 781 datn'x
786 750 908 791 veniae,
935 751 1020 783 mala
1042 759 1156 794 punge,

308 793 410 837 Iunge
435 797 594 828 coronatis
619 797 719 837 gratis
743 806 801 829 nos
827 798 893 837 hos,
921 806 976 830 era
1003 798 1107 838 digna.

224 844 277 876 80.
307 840 406 884 Signa
431 844 485 884 qui
509 847 655 884 poscunt,
682 847 817 876 noscunt.
840 848 882 885 te,
908 845 955 876 sic
977 855 1101 886 quoque
1125 855 1214 878 sume

311 889 361 925 Tu
384 900 445 932 me,
472 891 578 924 Maria
602 892 666 934 pia,
692 895 824 933 protege
851 889 908 936 [tu]
934 902 1048 933 meque
1069 896 1171 929 tuere.

308 936 397 972 Vere
421 940 640 980 Praepositus,
674 940 753 971 situs
780 941 813 971 in
840 940 962 981 Glogav
986 941 1067 973 Ioha
1092 942 1217 984 scripsi,

311 984 383 1027 Ipsi
408 987 572 1020 salvamen
596 987 673 1019 mihi
699 990 829 1027 praesta
852 988 994 1020 caelitus.
1044 989 1158 1023 Amen.

216 1071 335 1100 Collect.
363 1081 416 1100 ms.
446 1072 610 1100 Hermanni
637 1072 666 1099 (Ισ
700 1073 785 1100 Nova
812 1073 941 1100 civitate
963 1080 1039 1100 saec.
1068 1071 1111 1100 15.
1156 1072 1225 1100 Cod.
1248 1072 1452 1110 Vindobqpen.

138 1108 222 1137 5191.
247 1124 284 1128 —
312 1108 347 1138 15
367 1110 474 1138 reddis.
495 1125 533 1130 —
556 1107 600 1137 18.
623 1110 659 1138 In
682 1110 732 1138 dor
757 1111 811 1138 Hs.
833 1110 947 1138 *cheint
966 1111 1049 1138 trahe
1069 1120 1106 1138 zu
1127 1110 1237 1138 stehen.
1258 1125 1296 1129 —
1316 1108 1352 1137 56
1372 1110 1453 1138 Uber

137 1149 217 1176 Tutu
247 1148 326 1176 steht
347 1146 552 1185 „geminati0“.
572 1163 609 1167 ——
632 1146 668 1176 36
689 1148 792 1185 diripe.
814 1163 850 1167 -—
872 1146 909 1176 80
930 1150 1031 1184 sicque
1051 1158 1141 1177 sume.
1161 1164 1200 1167 —
1219 1148 1303 1177 §ach
1321 1149 1396 1176 Vers
1416 1146 1453 1176 82

139 1187 181 1214 ist
198 1187 352 1215 Verfasser
372 1187 466 1214 dieser
486 1187 640 1215 Kiinstelei
661 1187 816 1214 Iohanne
828 1196 855 1220 τ,
876 1188 1110 1223 praepositus
1132 1187 1401 1224 Glogaviensis.

594 1337 640 1368 27.
669 1337 713 1368 De
733 1337 829 1368 beata
848 1337 949 1368 Maria
969 1337 1005 1368 V.

786 1429 812 1460 I.

153 1505 183 1537 1.
211 1505 291 1544 Ave,
317 1504 428 1545 regina
454 1504 624 1546 caelorum,
840 1505 871 1538 3.
898 1503 991 1536 Dona
1014 1504 1093 1535 mihi
1119 1512 1173 1535 cor
1199 1503 1378 1544 contritum,

215 1551 344 1584 Clarum
369 1552 464 1584 iubar
486 1560 707 1592 supernorum,
896 1552 983 1592 Rege
1008 1552 1111 1584 visum
1137 1554 1169 1583 et
1193 1551 1347 1591 auditum,

210 1599 318 1632 Mater
342 1599 414 1641 Dei,
442 1600 531 1640 virgo
558 1608 644 1641 vera,
896 1602 1003 1640 Atque
1031 1602 1157 1640 gustum
1183 1602 1214 1630 et
1239 1597 1402 1639 olfactum,

210 1647 278 1687 Pia,
305 1647 393 1679 mitis
420 1651 452 1679 et,
476 1648 612 1680 sincera.
895 1648 1008 1680 Dulcis
1033 1651 1145 1688 mater,
1171 1656 1246 1687 rege
1270 1649 1401 1679 tactum.

152 1727 184 1757 2.
212 1725 311 1766 Virgo
337 1724 409 1765 Dei,
434 1724 502 1757 Deo
530 1724 634 1768 digna,
836 1727 868 1758 4.
894 1724 941 1757 Ut,
964 1725 998 1757 in
1024 1725 1146 1757 cunctis
1170 1727 1203 1756 te
1228 1725 1358 1764 regente

210 1773 295 1805 Nato
320 1782 418 1813 prece
442 1781 494 1804 me
520 1773 680 1815 consigna,
895 1772 1008 1805 Vivam
1032 1773 1101 1805 Deo
1127 1782 1210 1813 pura
1232 1774 1338 1805 mente

208 1821 324 1853 Preces
350 1821 435 1860 audi,
462 1823 594 1862 praesta
618 1824 732 1861 votum,
893 1821 931 1853 In
958 1822 1116 1853 consortio
1141 1824 1322 1853 sanctorum

211 1869 273 1903 Cor
297 1869 332 1901 in
356 1869 438 1901 bono
464 1868 517 1901 fac
541 1869 715 1903 immotum.
893 1869 932 1901 In
962 1869 1091 1901 saecula
1112 1870 1322 1902 saeculorum.

769 1964 812 1998 Π.

153 2044 182 2075 1.
209 2042 289 2086 Ave,
315 2042 406 2084 virgo
433 2042 622 2084 columbina,
838 2042 869 2075 3.
896 2041 1056 2082 Superare
1080 2040 1133 2073 fac
1156 2050 1208 2073 me
1233 2042 1394 2082 mundum,

209 2090 383 2131 Babylonis
410 2090 450 2122 de
475 2090 601 2122 sentina
895 2089 946 2121 Ne
972 2090 1136 2131 demergat
1158 2098 1210 2122 me
1232 2088 1439 2130 profundum,

209 2137 293 2171 Mihi
318 2141 421 2171 tutum
448 2139 489 2171 da
515 2139 673 2182 ducatum,
896 2138 946 2170 Ne
970 2147 1022 2170 me
1045 2138 1130 2170 sinas
1155 2137 1340 2179 naufragari

209 2187 442 2220 Plasmatorem
467 2185 521 2219 fac
546 2187 716 2227 placatum.
895 2186 934 2218 111
958 2186 1099 2228 peccatis
1123 2186 1157 2219 in
1181 2187 1242 2219 hoc
1266 2186 1355 2218 mari.

151 2267 182 2299 2.
208 2263 290 2297 Esto
315 2265 393 2297 mihi
424 2265 627 2305 conso1atrix‚
837 2265 868 2298 4.
895 2265 1012 2297 Potens
1037 2264 1070 2296 in
1097 2265 1270 2304 conspectu
1292 2262 1364 2302 Dei,

211 2314 275 2347 Pro
301 2322 352 2345 me
377 2314 420 2346 sis
444 2313 693 2353 interpellatriX‚
894 2313 1020 2345 Memor
1045 2315 1122 2356 esto,
1150 2320 1275 2352 precor,
1300 2311 1375 2351 mei,

209 2363 273 2396 Pro
297 2371 349 2395 me
373 2364 483 2395 natum
508 2361 690 2403 interpella,
895 2361 1022 2394 Memor
1047 2363 1114 2393 esto
1141 2358 1361 2402 supplicantis,

208 2410 306 2445 Salva
329 2411 441 2444 mortis
469 2411 510 2444 de
533 2410 686 2452 procella.
894 2409 983 2442 Audi
1009 2417 1121 2450 preces
1145 2406 1354 2440 lacrimantis.
