1651 2700
707 174 967 209 —206—

597 274 659 307 Per
683 274 717 304 te
740 272 831 303 sanet
854 272 1057 310 peccatorum

646 318 790 353 Christus
814 320 926 350 nostra
949 317 1092 359 vulnera,

597 368 644 401 Ut
667 368 831 407 percepta,
856 373 950 405 quam
967 373 1146 407 precamur,

640 413 771 454 pietatis
799 412 931 445 dextera

595 461 662 495 Nos
685 460 827 499 inducat,
854 459 909 492 ubi
930 462 1044 501 regnat

645 516 715 540 cum
738 510 841 548 patre,
867 508 902 540 in
926 508 1066 541 aethera.

265 585 336 614 Cod.
354 585 518 614 Londinen.
539 585 612 620 Reg.
631 582 648 610 Ἷ
671 583 698 611 Α
716 583 769 611 Ἦ.
789 590 865 611 saec.
888 579 960 611 urlle.

624 711 687 743 160.
716 712 760 743 De
780 712 876 744 beata
895 711 997 744 Maria
1016 712 1052 743 V.

386 803 420 836 Si
445 801 518 834 fieri
541 804 660 843 posset,
687 801 773 844 quod
796 809 923 842 arenae,
949 800 1054 841 pulvis
1080 803 1113 833 et
1135 800 1251 843 undae,

381 850 549 884 Undarum
572 851 690 893 guttae,
715 858 799 893 rosa,
824 857 976 892 gemmae,
1002 848 1082 892 lilia,
1107 846 1264 890 flammae,

382 897 534 938 Aethera,
562 897 739 940 caelicolae,
766 897 833 937 nix,
859 896 992 938 grando,
1019 904 1112 928 sexus
1137 898 1280 936 uterque,

381 946 567 984 Ventorum,
592 944 731 985 pluviae,
752 945 925 987 volucrum,
953 951 1104 984 pecorum
1129 952 1226 983 genus
1251 951 1356 984 omne,

324 994 355 1025 5.
382 992 541 1025 Silvarum
566 991 657 1033 rami,
684 992 826 1032 frondes,
852 992 957 1024 avium
992 999 1116 1031 quoque
1138 999 1274 1031 pennae,

381 1040 458 1081 Ros,
483 1048 623 1080 gramen,
649 1039 772 1080 stellae,
797 1038 912 1079 pisces,
938 1046 1056 1079 angues
1082 1040 1114 1070 et
1137 1038 1255 1070 aristae

380 1087 426 1119 Et
448 1087 583 1128 lapides,
607 1091 741 1129 montes,
768 1087 938 1127 convalleS,
963 1088 1060 1124 terra,
1088 1084 1252 1124 dracones,

381 1134 506 1174 Lingua
532 1136 646 1166 cuncta
670 1133 786 1176 forent,
810 1133 940 1167 minime
966 1133 1154 1172 depromere
1178 1134 1320 1174 possent,

383 1182 469 1221 Quae
493 1182 536 1213 sis
561 1182 612 1213 vel
637 1184 764 1224 quanta,
789 1181 890 1223 virgo,
915 1180 1027 1221 regina
1050 1179 1165 1218 Maria,

303 1229 357 1263 10.
383 1229 470 1269 Quae
493 1231 549 1260 tua
572 1229 616 1260 sit
638 1229 752 1270 pietas,
777 1236 837 1260 nec
860 1228 970 1260 littera
993 1236 1053 1260 nec
1080 1226 1170 1260 dabit
1194 1230 1293 1259 aetas,

268 1302 338 1331 C‘lm.
365 1303 516 1331 Monacen.
543 1301 590 1337 (ol.
619 1301 801 1338 Caesareen.)
827 1300 910 1331 7943.
935 1311 1012 1330 saec.
1040 1299 1082 1330 13.
1110 1301 1144 1329 A.
1173 1315 1210 1320 ——
1238 1300 1308 1330 Cod.
1332 1301 1496 1330 Londinen.

188 1342 261 1376 Reg.
279 1340 296 1368 ’ἶ
318 1340 344 1368 Α
362 1341 414 1368 VI.
437 1349 512 1368 saec.
532 1338 607 1368 ²4¹5.
628 1341 662 1368 B.
680 1355 719 1360 ——·
741 1341 811 1369 Ood.
824 1341 973 1368 Mellicen.
986 1337 1052 1368 716.
1067 1348 1144 1368 saec.
1159 1337 1204 1368 15.
1219 1340 1251 1368 G.
1264 1353 1302 1359 ——
1316 1339 1387 1367 God.
1401 1340 1498 1368 Palat.

190 1379 392 1407 vindobonen.
415 1376 500 1407 4781.
529 1387 605 1407 saec.
632 1377 676 1406 15.
701 1379 739 1407 D.
760 1395 796 1399 -
819 1378 887 1406 Cod.
906 1378 1003 1406 Palat.
1022 1378 1227 1406 Vindobonen.
1247 1374 1332 1406 4031.
1354 1386 1430 1406 saec.
1453 1375 1497 1406 15.

187 1417 224 1445 Ε.
243 1432 283 1437 -
302 1417 382 1445 Orat.
403 1425 456 1444 ms.
477 1425 552 1445 saec.
576 1415 619 1445 15.
641 1417 711 1445 Cod.
730 1416 896 1445 Bruxellen.
918 1414 1080 1445 4588—91.
1099 1416 1132 1445 F.

264 1453 291 1481 1.
315 1455 395 1482 unda
420 1454 456 1483 E.
483 1470 520 1474 —
544 1453 572 1482 4.
599 1455 760 1483 Ventorum
785 1463 899 1490 pennae
928 1455 959 1489 G,
979 1457 1061 1483 rixae
1085 1455 1122 1483 D.
1145 1469 1183 1473 —
1203 1452 1230 1482 5.
1257 1452 1406 1483 Silvarum
1424 1454 1499 1482 rami

188 1492 219 1520 C.
249 1508 287 1512 —
315 1493 491 1520 Aufschrift:
520 1493 657 1521 Petrus
686 1493 935 1521 Manducator
965 1493 1001 1521 de
1030 1493 1147 1528 virgine
1173 1492 1271 1520 Maria
1296 1491 1339 1527 A;
1364 1493 1498 1520 Petrus

188 1531 293 1558 Come
301 1533 379 1558 stor
406 1530 470 1566 C-‘E3
489 1532 609 1566 Doctor,
635 1532 687 1567 qui
711 1531 878 1567 composuit
900 1531 1057 1559 historiam
1076 1530 1300 1565 Scholasticam,
1320 1529 1375 1558 hos
1393 1538 1497 1558 versus

187 1568 257 1596 fecit
275 1568 311 1596 de
330 1568 449 1596 domina
469 1570 578 1603 nostra,
601 1571 704 1597 sancta
723 1569 820 1597 Maria
839 1569 875 1596 D.

629 1687 683 1719 161.
713 1687 756 1719 De
775 1688 872 1720 beata
890 1687 992 1719 Maria
1011 1687 1048 1719 V.

501 1770 531 1803 1.
557 1768 593 1801 Si
616 1768 766 1801 haberem
789 1769 969 1809 linguarum
992 1768 1092 1811 milia,

558 1816 594 1848 Si
617 1816 772 1857 pollerem
795 1816 882 1849 omni
905 1816 1050 1856 scientia,

560 1863 594 1896 Si
618 1861 764 1895 florerem
788 1864 873 1896 omni
896 1864 1057 1906 facundia,

558 1912 628 1951 Qua
651 1911 814 1943 rhetorum
837 1914 974 1944 vernant
997 1912 1133 1954 eloquia,

559 1959 628 1998 Qua
651 1958 777 1991 redolet
800 1960 905 2000 legum
928 1959 1056 2000 peritia,

557 2007 627 2047 Qua
649 2005 811 2047 refulgent
833 2007 950 2039 artium
975 2007 1095 2048 studia,

558 2054 627 2094 Qua
652 2054 817 2086 doctorum
840 2054 949 2095 vigent
971 2056 1109 2098 ingenia,

557 2102 626 2141 Qua,
648 2101 831 2134 redundant
855 2105 970 2135 cuncta
990 2102 1150 2142 mortalia,

557 2149 630 2181 Non
657 2157 802 2181 canerem
823 2149 918 2190 digne
941 2151 1124 2192 praeconia,

556 2197 644 2236 Quae
667 2199 701 2228 te
726 2196 850 2238 decent,
874 2206 893 2229 o
917 2197 1008 2239 virgo
1032 2199 1133 2239 regia.

501 2265 532 2296 2.
559 2262 593 2295 Si
617 2262 778 2303 quaelibet
802 2263 900 2297 verbo
926 2266 1068 2297 carentia

556 2309 747 2343 Ditarentur
768 2311 922 2352 loquendi
944 2312 1048 2352 gratia

556 2358 664 2398 Teque
688 2358 781 2390 simul
804 2359 974 2392 laudarent
997 2361 1112 2403 omnia,

557 2404 698 2445 Caelum,
724 2414 790 2448 aer,
815 2406 912 2439 tellus
937 2410 970 2438 et
992 2409 1105 2449 maria,

558 2452 677 2496 Pisces,
704 2462 778 2486 aves
804 2455 836 2486 et
857 2454 1007 2488 animalia
