1651 2700
687 149 947 186 -185—

172 239 227 271 92-
254 238 350 274 Nunc
373 241 481 284 igitur,
863 249 917 282 96.
943 248 1015 281 Lux
1041 249 1197 293 caelestis,

303 290 416 331 mater,
441 291 601 336 adcelera,
988 300 1100 329 nostra
1125 305 1198 337 spes
1220 297 1324 337 unica,

253 334 387 368 Pietatis
940 344 1065 377 Pietate

301 385 436 417 ostende
465 386 600 428 viscera,
988 394 1044 424 tua
1067 390 1244 434 magnifica,

252 429 337 463 Nato
361 435 474 472 pectus
939 438 1002 470 Dei
1029 439 1146 479 nutrix,

300 477 380 511 offer
405 482 437 511 et
460 480 571 524 ubera,
989 495 1061 519 reos
1084 485 1223 518 iustifica

249 524 296 557 Et
320 526 422 559 eidem
937 533 982 565 Et
1006 543 1059 566 eos
1083 536 1159 566 tunc

300 583 360 613 pro
384 575 477 607 nobis
502 576 634 617 impera.
984 584 1089 613 tecum
1114 580 1267 622 glorifica.

167 649 224 682 93.
249 649 371 682 Summi
395 652 479 692 regis
857 658 912 689 97.
939 657 1013 690 Iesu
1036 660 1149 697 mater,

297 701 400 730 mater
425 702 457 731 et
480 699 558 741 filia,
985 713 1125 737 summae
1150 705 1348 747 clementiae,

253 744 312 777 Cui
336 747 443 778 nullus
938 752 1084 785 Summae
1109 752 1213 785 laudis

297 803 359 833 par
383 797 432 826 est
454 794 488 826 in
511 795 622 838 gloria,
985 803 1017 831 et
1042 800 1259 840 excellentiae,

247 840 325 885 Tua,
352 844 465 886 mater,
937 846 994 879 Sta
1017 857 1076 887 pro
1100 847 1193 880 nobis

297 888 401 921 dulcis
427 890 597 922 clementia
981 895 1015 926 in
1043 894 1139 928 caelis
1166 895 1272 936 hodie,

248 935 299 968 Sit
322 939 399 968 tunc
424 939 456 969 et
480 946 565 969 nunc
933 941 980 974 Ut
1002 951 1061 974 nos
1086 944 1191 973 tecum

295 984 388 1016 nobis
412 985 564 1025 propitia.
981 988 1125 1023 fruamur
1149 990 1269 1031 requie.

163 1061 219 1094 94.
245 1059 305 1092 Pia
322 1062 435 1103 mater,
851 1064 906 1098 98.
930 1064 1020 1096 Haec
1043 1065 1152 1104 itaque

295 1116 377 1147 quae
402 1111 532 1140 cunctos
556 1109 703 1149 respicis,
979 1112 1116 1153 benigne
1139 1113 1297 1151 poscimus

247 1154 385 1187 Cunctos
410 1157 501 1188 iuvas
931 1160 1039 1200 Atque
1064 1160 1107 1192 ad
1130 1159 1192 1191 hoc

293 1205 326 1234 et
349 1203 471 1235 nullum
498 1203 648 1245 despicis,
979 1208 1121 1247 suspirat
1145 1207 1279 1249 animus,

243 1250 332 1282 Erue
357 1259 414 1282 nos
932 1254 977 1287 Ut
1001 1255 1108 1287 deleas

293 1298 334 1329 de
357 1307 454 1330 manu
477 1299 594 1331 iudicis
979 1303 1074 1343 mala,
1100 1310 1181 1342 quae
1206 1301 1347 1346 fecimus,

241 1345 287 1377 Et
310 1345 406 1387 iunge
429 1355 488 1378 nos
930 1349 975 1381 Et
1000 1351 1056 1381 des
1081 1349 1166 1381 bona

293 1393 398 1425 choris
425 1394 588 1434 angelicis.
978 1406 1058 1437 quae
1082 1405 1209 1438 semper
1234 1398 1387 1437 cupimus.

158 1470 215 1502 95.
244 1469 350 1509 Stirps
376 1470 489 1509 electa,
848 1474 903 1507 99.
930 1473 1009 1517 Tua,
1035 1473 1137 1514 virgo,

289 1517 429 1549 deiectos
456 1518 550 1562 erige,
975 1520 1115 1553 iucunda
1139 1519 1249 1563 facies,

237 1564 413 1597 Deviantes
928 1568 999 1600 Tua
1023 1568 1145 1600 cunctis

286 1612 329 1644 ad
353 1613 437 1645 viam
463 1613 583 1656 redige,
973 1616 1122 1648 miranda
1146 1616 1281 1657 species,

236 1660 345 1692 Bonos
371 1669 451 1701 auge
928 1663 1100 1696 Beatorum

286 1711 318 1739 et
346 1709 448 1740 malos
475 1709 598 1750 corrige
975 1715 1024 1743 est
1047 1720 1162 1751 magna
1185 1712 1322 1754 requies,

234 1757 285 1788 Ac
309 1756 357 1788 sic
381 1759 486 1788 tecum
927 1759 996 1799 Qua
1019 1769 1077 1792 nos
1102 1762 1218 1802 tecum,

283 1813 341 1836 nos
367 1813 476 1837 omnes
502 1805 628 1846 collige.
974 1808 1002 1839 si
1023 1809 1141 1848 placet,
1167 1808 1275 1841 saties

487 1881 565 1914 100.
581 1882 686 1924 Nunc,
712 1883 822 1923 regina

627 1930 742 1962 summi
765 1930 940 1973 regiminis,

577 1977 756 2010 Mediatrix

626 2025 689 2058 Dei
715 2030 747 2058 et
770 2027 917 2069 hominis,

581 2074 669 2113 Quae
692 2075 823 2115 placare

625 2122 731 2154 Deum
753 2132 817 2155 non
844 2123 973 2167 desinis,

574 2170 655 2202 Esto
680 2169 753 2202 finis

624 2218 717 2251 huius
744 2219 935 2254 dictaminis.

211 2292 283 2321 Ood.
312 2292 520 2321 Oarolsruhan.
548 2294 673 2330 Aug-ien.
700 2292 746 2322 36.
773 2303 849 2323 saec.
877 2293 953 2324 1‘²l115.
973 2295 1009 2323 A.
1037 2312 1074 2316 ——
1095 2295 1176 2323 Orat.
1201 2304 1254 2322 ms.
1273 2296 1453 2330 Tegurinum

133 2332 204 2359 anni
233 2329 317 2359 1466.
359 2331 432 2359 Clm.
451 2330 608 2361 Monacen.
632 2331 738 2361 19991.
759 2333 794 2361 Β.
816 2348 854 2352 -
875 2334 956 2362 Orat.
977 2343 1030 2362 ms.
1053 2334 1287 2362 caelestinorum
1308 2341 1384 2361 saec.
1408 2332 1453 2362 15.

133 2368 484 2399 Cod.Parisin.18571.
508 2371 538 2399 C.
553 2372 667 2400 —Das
689 2372 814 2401 Gedieht
833 2370 926 2400 findet
945 2373 1008 2401 sich
1029 2374 1079 2402 des
1101 2373 1223 2400 weitern
1243 2372 1275 2398 in
1294 2371 1452 2408 folgenden

131 2409 273 2443 Quelleu:
295 2408 371 2437 Sehr
391 2411 539 2438 erweitert
557 2411 590 2439 in
604 2411 684 2439 Orat.
705 2420 758 2439 ms.
772 2411 980 2448 Augustanum
1000 2414 1070 2440 anni
1092 2408 1451 2439 1469.01m.M0na0en.

128 2445 216 2476 3702.
242 2447 312 2484 (Die
332 2449 458 2477 ΖΠΒΞῈΖΘ
478 2451 615 2477 verra‘ten
635 2450 700 2478 sich
719 2450 862 2478 teilweise
884 2451 977 2479 sehon
996 2451 1088 2479 durch
1109 2450 1161 2477 das
1181 2447 1329 2484 Metmm.)
1355 2450 1394 2477 D.
1414 2465 1451 2469 -—
