1651 2700
680 167 723 172 —
776 147 941 183 169—

182 238 214 270 3.
238 238 328 270 Intus
353 240 591 279 pulchrioribus

289 286 422 320 Ornaris
447 289 620 322 virtutibus

239 333 285 365 Et
310 334 547 369 decentioribus

287 381 384 415 Foris
410 384 512 424 polles
538 385 690 419 moribus

180 438 213 470 4.
240 438 271 470 A
295 439 426 471 verticis
452 442 592 473 caesarie

289 487 401 527 Usque
424 488 522 519 imum
545 490 675 529 plantae

243 534 292 565 Tu
319 543 352 566 es
377 535 447 567 sine
470 536 556 568 carie

289 581 358 614 Deo
383 585 417 614 te
441 587 600 617 servante.

184 639 214 671 5.
242 638 341 671 Nulla
363 640 465 672 virtus
484 644 542 682 est,
569 650 650 681 quae
666 642 776 681 posset

292 686 354 718 Cor
378 689 468 719 tuum
492 689 747 732 transscendere,

242 735 344 767 Immo
371 737 501 767 cunctas
526 736 586 768 tibi
610 736 695 768 nosti

288 781 433 814 Virtutes
461 783 634 824 attrahere,

181 839 213 872 6.
240 838 360 877 Quibus
384 839 455 872 Deo
485 840 637 880 placuisti

286 887 332 920 Et
356 887 461 919 choris
488 887 688 925 caelestibus,

239 934 360 975 Quibus
383 935 502 967 mundo
527 933 678 975 profuisti

288 982 447 1022 Perplexo
467 982 676 1015 maeroribus,

182 1040 212 1072 7.
240 1039 329 1072 Evae
354 1040 477 1079 prolem
503 1040 701 1080 denigratam

287 1087 416 1119 Peccati
440 1086 574 1127 fuligine

241 1133 329 1166 Caeli
354 1135 421 1175 regi
446 1135 557 1167 reddis
583 1139 705 1175 gratam

288 1182 358 1214 Tua
383 1182 630 1223 pulchritudine.

183 1240 214 1271 8.
242 1238 371 1271 Summa
395 1240 498 1271 virtus
522 1242 555 1271 te
575 1240 724 1272 virtutem

288 1287 325 1318 In
351 1287 447 1319 terris
474 1288 648 1326 constituit,

239 1334 313 1366 Tibi
337 1334 426 1375 iungi
451 1337 483 1366 et
506 1337 539 1366 te
562 1334 651 1375 fungi

288 1381 347 1414 Cui
371 1391 492 1413 summe
517 1382 648 1422 placuit.

181 1440 212 1473 9.
240 1439 338 1472 Unde
365 1440 464 1471 virtus
492 1439 532 1471 de
557 1439 704 1479 supernis

288 1486 336 1518 Te
361 1487 512 1518 virtutem
537 1487 630 1528 adiit,

236 1534 281 1566 Ut
307 1534 478 1566 humanum
504 1543 602 1575 genus
628 1543 739 1566 sanum

282 1582 405 1623 Fieret‚
432 1583 517 1622 quod
542 1582 650 1623 periit.

154 1640 209 1673 10.
235 1639 366 1671 Iunctus
386 1638 491 1672 factor
516 1641 565 1671 est
590 1637 734 1670 facturae

282 1687 415 1720 Iunctus
439 1687 526 1719 Deus
552 1687 683 1728 homini,

232 1735 443 1768 venerandus
469 1735 554 1767 omni
580 1735 650 1767 iure

281 1782 412 1815 Iunctus
437 1785 549 1823 partus
575 1783 701 1823 virgini.

154 1840 210 1873 11.
236 1840 350 1872 Iuncta
371 1840 473 1872 virtus
500 1843 549 1871 est
574 1840 695 1880 virtuti,

280 1887 387 1920 Decor
412 1888 654 1929 pulchritudini,

234 1936 350 1968 Iuncta
373 1935 459 1967 salus
485 1939 534 1967 est
558 1935 652 1967 saluti

281 1983 326 2015 Et
350 1983 462 2015 dulcor
488 1983 660 2016 dulcedini.

151 2043 206 2076 12.
233 2040 321 2073 Deus
346 2041 506 2072 hominem
533 2040 653 2073 creavit

281 2089 336 2121 Ad
361 2098 450 2121 suam
474 2089 655 2131 imaginem,

232 2137 287 2170 Ad
310 2137 399 2169 cuius
420 2137 455 2169 in
480 2139 513 2168 te
537 2135 690 2170 formavit

281 2185 323 2218 Se
351 2185 604 2218 similitudinem.

848 244 903 279 13.
929 244 978 276 Tu
1004 254 1036 277 es
1062 247 1213 286 paradiso

975 294 1079 326 Tanto
1106 295 1240 334 dignior,

929 339 1052 379 Quanto
1077 344 1149 374 tuus
1175 341 1297 374 fructus

974 388 1035 420 Est
1057 389 1176 423 utilior.

852 463 907 496 14.
934 464 958 496 O
985 473 1078 504 quam
1102 466 1238 506 pulchra
1261 469 1296 497 tu
1321 465 1420 508 fuisti,

933 511 1010 544 Cum
1036 512 1079 543 sit
1095 512 1198 545 factus
1216 514 1321 545 vultus
1340 513 1459 547 Christi

978 559 1050 590 Tibi
1075 561 1171 592 matri
1195 561 1317 604 similis,

932 606 991 639 Cui
1015 609 1050 638 tu
1073 617 1106 640 es
1128 609 1301 648 voluntate,

929 653 1080 695 Caritate,
1110 657 1231 697 pietate

973 700 1076 734 Facta
1099 712 1164 740 non
1189 704 1363 737 dissimilis.

847 775 902 809 15.
929 775 964 808 Si
988 779 1020 808 te
1045 777 1131 810 Deus
1157 788 1220 811 non
1244 780 1380 812 vidisset

975 823 1161 858 Creaturam
1187 827 1349 869 optimam,

927 872 965 903 In
990 874 1124 905 matrem
1148 883 1212 906 non
1236 875 1383 915 elegisset

974 919 1020 950 Te
1044 919 1107 952 sibi
1133 921 1338 955 carissimam.

843 993 899 1026 16.
924 994 1022 1034 Ergo,
1049 996 1139 1037 virgo
1163 998 1300 1037 pulchra
1323 1002 1401 1040 tota,

974 1041 1041 1073 Nos
1066 1044 1146 1076 viles
1170 1054 1235 1077 non
1262 1046 1400 1088 despice,

928 1088 992 1121 Sed
1017 1098 1036 1121 a
1061 1092 1171 1131 quavis
1196 1093 1332 1125 mendae
1356 1095 1431 1125 nota

975 1136 1042 1169 Nos
1068 1139 1213 1171 mundari
1239 1139 1368 1180 perfice.

847 1203 901 1235 17.
925 1202 993 1234 Fac
1017 1206 1053 1234 ut
1077 1208 1130 1237 tuo
1155 1206 1337 1246 placeamus

973 1251 1176 1285 Praedilecto
1205 1253 1272 1286 filio

924 1297 970 1329 Et
994 1297 1104 1331 felices
1125 1303 1323 1333 transeamus

974 1346 1004 1377 A
1029 1348 1139 1379 mortis
1165 1349 1286 1382 exsilio.

850 1412 903 1443 18.
930 1411 1023 1452 SoliS‚
1050 1413 1144 1445 lunae
1169 1416 1220 1447 vel
1244 1416 1408 1448 stellarum

975 1459 1134 1499 Splendor
1159 1471 1269 1502 parum
1317 1465 1439 1496 ernitur

926 1506 1001 1539 Sive
1025 1508 1126 1540 virtus
1151 1510 1362 1551 planetarum,

975 1555 1073 1587 Plene
1099 1557 1172 1588 dum
1198 1558 1384 1601 attenditur,

843 1621 896 1654 19.
924 1621 1050 1660 Quanta
1076 1623 1191 1663 dignae
1207 1625 1318 1656 matris
1338 1625 1457 1658 Christi

971 1668 1088 1710 Fulget
1111 1671 1308 1713 virtuositas,

924 1717 1026 1756 Quam
1043 1726 1123 1757 prae
1141 1721 1263 1751 cunctis
1276 1720 1336 1752 Dei
1354 1722 1457 1761 patris

969 1765 1152 1798 Illustravit
1177 1768 1317 1801 claritas.

841 1833 897 1865 20.
925 1831 1144 1865 Cristallinum
1170 1835 1220 1866 vel
1247 1835 1409 1868 stellatum

972 1879 1101 1912 Caelum
1126 1882 1178 1914 vel
1204 1891 1386 1924 empyreum

925 1928 1054 1961 Caelum
1080 1929 1149 1961 Deo
1174 1939 1238 1962 non
1263 1934 1313 1963 est
1330 1935 1456 1972 gratum

971 1975 1077 2016 Magis
1103 1987 1196 2017 quam
1218 1978 1392 2019 hospitium

840 2042 895 2075 21.
923 2042 1053 2076 Ventris
1080 2044 1170 2087 casti,
1197 2055 1258 2086 quo
1286 2047 1396 2079 celasti

969 2091 1075 2123 Iesum
1099 2092 1161 2124 Dei
1186 2092 1301 2135 filium:

920 2137 1016 2170 Hunc
1039 2139 1073 2170 in
1098 2141 1226 2184 mundo,
1252 2143 1342 2183 virgo
1366 2143 1431 2186 pia,

970 2186 1071 2219 Nobis
1097 2187 1149 2221 fac
1173 2190 1357 2231 propitium.

214 2271 295 2300 Orat.
325 2280 379 2299 ms.
404 2271 518 2299 Domus
544 2271 647 2300 Novae
674 2271 765 2299 Lucis
794 2272 866 2299 anni
893 2270 974 2300 1477.
1023 2272 1092 2302 Cod.
1119 2275 1307 2303 Ultraiectin.
1333 2275 1454 2311 Scriptt.

132 2311 215 2339 Eccl.
241 2307 306 2338 375.
335 2325 373 2329 —
399 2307 429 2344 1,
451 2308 465 2337 1
493 2310 569 2337 Vale
597 2312 660 2337 tota
686 2318 763 2347 quae
788 2312 891 2338 amica.

980 2309 1011 2347 2,
1032 2310 1052 2339 4
1071 2312 1167 2340 Mater
1194 2314 1250 2341 Dei
1279 2322 1391 2349 expers.
1416 2328 1453 2332 —

132 2349 167 2385 4,
191 2348 205 2377 1
228 2349 420 2377 casarienses.
444 2363 480 2368 —-
501 2347 529 2383 4,
550 2346 568 2376 2
587 2349 691 2386 Usque
710 2348 791 2377 fehlt.
811 2364 850 2369 —
870 2348 896 2383 5,
918 2347 936 2377 3
958 2351 1081 2378 eunctis.
1102 2366 1139 2371 —
1161 2351 1244 2379 Nach
1264 2350 1321 2379 Str.
1343 2350 1360 2379 5
1380 2351 1455 2389 folgt

132 2387 222 2417 noch:
249 2388 331 2424 Ergo
352 2389 466 2416 cunctis
486 2396 517 2416 es
538 2388 660 2415 facturis
681 2389 842 2416 venustior.
863 2403 901 2407 —
923 2386 973 2423 15,
995 2387 1014 2416 4
1034 2389 1076 2417 Te
1096 2390 1178 2417 fehlt.
1200 2405 1238 2409 —
1258 2389 1342 2418 Naeh
1361 2388 1414 2426 21,
1435 2389 1456 2418 4

132 2427 208 2464 folgt
226 2427 318 2455 nach:
339 2427 425 2455 Nunc
448 2429 479 2455 et
499 2428 579 2455 omni
598 2426 681 2455 hora.
