1651 2700
99 220 153 254 27.

99 632 154 664 28.

98 1044 156 1076 29.

100 1455 155 1489 30.

99 1867 154 1900 31.

95 2283 151 2316 32.

180 219 412 260 Prophetarum

228 268 396 307 praedicta
420 271 569 312 carmine,

179 313 423 355 Exspectabant

227 364 286 396 sub
311 365 423 397 mundi
448 367 580 399 cardine

179 410 245 442 Res
269 411 303 443 in
328 421 384 444 suo

230 458 390 493 deformes
414 462 527 494 ordine

179 506 330 539 Relevari

227 557 282 587 tuo
306 556 477 590 iuvamina.

181 630 228 662 Te
254 632 400 664 caelestis

229 683 418 719 exspectans
445 682 533 713 curia

180 725 402 767 Exspectabat

228 776 284 806 tua
307 775 437 816 natalia,

179 821 263 854 Nam
287 831 346 862 per
370 825 435 866 tua,

228 870 328 913 virgo,
356 871 495 910 suspiria

180 918 392 951 Restauratur

229 966 296 998 eius
320 966 444 1001 militia.

181 1041 272 1074 Sicut
296 1052 371 1075 rosa

231 1091 272 1122 de
298 1091 410 1130 spinae
435 1091 577 1130 germine

182 1138 325 1170 Nascens
351 1140 444 1170 ornat

231 1186 315 1218 hanc
339 1185 577 1226 pulchritudine

182 1233 236 1266 Sic
258 1234 292 1265 in
316 1236 390 1266 tuae

231 1282 333 1322 gentis
359 1280 491 1322 origine,

183 1328 293 1370 Virgo,
318 1329 401 1361 nites

231 1377 384 1409 virtutum
408 1377 538 1410 semine.

580 1210 587 1227 s»

182 1453 290 1494 Virgo,
317 1453 430 1496 gaude,

230 1504 334 1534 mater
358 1499 511 1543 fidelium,

183 1549 405 1590 Orphanorum

228 1599 325 1639 salus,
351 1595 523 1639 refugium,

180 1646 244 1678 Per
269 1655 362 1686 quam
389 1645 484 1685 culpa

229 1693 353 1725 deletur
378 1693 528 1734 omnium,

181 1741 415 1782 Sempiternum

229 1789 271 1822 da
294 1789 386 1822 nobis
411 1790 571 1830 gaudium.

180 1866 310 1899 Auxilio

228 1922 379 1946 succurre
404 1914 511 1957 celeri,

182 1962 301 1995 Nostro
328 1961 422 1995 finem

229 2011 395 2052 imponens
421 2010 543 2055 sceleri,

180 2058 227 2092 Ut
253 2059 293 2091 de
317 2060 429 2091 nostra

227 2108 330 2140 salute
354 2106 463 2147 superi

179 2154 399 2196 Grratulentur,

225 2205 351 2238 ululent
373 2202 481 2238 inferi.

177 2281 319 2314 Pulchra
342 2281 429 2322 luna,

223 2330 313 2362 sidus
337 2329 496 2371 eximium,

176 2378 261 2411 Solis
285 2379 417 2412 vincens

225 2426 350 2469 fulgore
374 2426 512 2471 radium,

621 124 853 161 ,69-

783 442 838 476 33.

784 852 840 885 34.

784 1262 840 1295 35.

783 1675 839 1708 36.

784 2088 839 2122 37.

863 223 951 256 Audi
974 230 1087 263 preces

911 274 944 302 te
968 271 1192 311 invocantium,

865 318 940 351 Sine
963 327 1053 351 mora

910 366 1030 407 praebe
1057 366 1220 399 auxilium.

863 443 943 484 Ave,
967 444 1070 474 mater

910 489 1056 522 immensi
1079 490 1180 529 pueri,

864 537 1057 570 Benedictus

911 586 953 617 sit
977 584 1099 617 fructus
1123 584 1216 625 uteri,

866 632 926 671 Qui
951 633 1109 665 destruxit

915 683 1042 713 catenas
1065 679 1172 722 inferi,

867 728 985 767 Quibus
1010 730 1101 762 erant

913 776 1059 817 oppressi
1082 776 1201 810 miseri.

867 852 976 884 Arbor
1001 854 1119 896 sancta,

913 900 1010 940 plena
1033 900 1214 944 virtutibus,

864 946 1030 988 Liliorum,

911 1003 1055 1027 rosarum
1079 993 1220 1036 fioribus,

865 1042 952 1081 Quae
978 1042 1097 1074 dedisti

913 1089 1053 1122 fructum
1076 1088 1236 1128 fidelibus,

864 1137 917 1171 Ex
942 1147 1003 1179 quo
1028 1137 1094 1170 vita

914 1186 1050 1218 donatur
1074 1185 1229 1219 omnibus.

865 1261 937 1294 Eva.
962 1261 1053 1295 dedit

916 1311 1036 1342 cunctis
1067 1310 1213 1342 exsilium

866 1357 1014 1390 Paradisi

914 1406 1086 1438 excludens
1112 1406 1271 1448 gaudium,

864 1453 1029 1486 Reserasti

916 1502 996 1534 caeli
1020 1502 1176 1543 palatium

868 1549 1031 1583 Castitatis

912 1606 971 1638 per
994 1597 1208 1639 privilegium.

867 1673 971 1716 Salve,
997 1674 1091 1707 iubar

914 1722 1060 1755 caelestis
1090 1723 1216 1764 sideris,

865 1771 929 1803 Per
953 1780 1046 1811 quam
1071 1773 1163 1811 patet

911 1819 967 1852 lux
992 1821 1063 1852 orta
1086 1819 1221 1858 miseris,

865 1867 1038 1899 Ordinibus

911 1916 1059 1956 praelata
1088 1915 1225 1956 superis,

865 1962 946 1995 Esto
971 1963 1063 1996 nobis

914 2012 1042 2044 ductrix
1066 2012 1202 2045 itineris.

866 2087 938 2120 Lux
962 2088 1086 2129 solam,

912 2137 1019 2170 lumen
1043 2135 1196 2179 fidelium,

866 2185 958 2219 Salus
983 2186 1025 2218 ad
1049 2187 1083 2217 te

914 2233 1172 2275 confugientium,

867 2282 964 2323 Virgo
987 2284 1107 2324 sancta,

912 2330 1069 2364 salvatrix
1093 2331 1242 2369 omnium,

866 2378 957 2412 Caeli
980 2379 1074 2412 nobis

916 2428 1001 2461 dona
1022 2427 1226 2460 consortium.
