1651 2700
101 231 146 265 32
157 237 184 263 a.

99 385 141 417 33
153 392 182 416 a.

99 586 144 617 34
152 593 181 617 a.

97 738 140 770 35
151 747 180 770 a.

95 940 138 973 36
149 949 179 971 a.

94 1190 137 1223 37
151 1198 180 1223 a.

94 1343 137 1376 38
149 1351 178 1376 a.

89 1592 133 1625 39
143 1601 173 1624 a.

88 1699 133 1731 40
144 1707 172 1732 a.

86 1808 130 1840 41
145 1817 174 1840 a.

90 1914 136 1945 42
147 1922 176 1945 a.

89 2019 134 2052 43
144 2027 172 2051 a.

89 2125 134 2158 44
144 2134 174 2157 a.

83 2329 128 2362 45
140 2337 170 2363 a.

210 229 302 262 Vena
327 228 424 263 fontis
450 240 564 273 expers
584 231 665 275 limi,

210 277 298 310 Rosa
322 279 451 322 rubenS,
477 281 568 321 vigor
592 281 704 321 thymi,

259 326 309 358 Tu
335 328 417 359 cella
441 329 575 370 vinaria,

208 383 326 416 Planta
351 385 454 417 dulcis
480 386 643 428 adoptiva,

207 430 341 473 Fructu,
375 430 463 472 flore,
491 432 607 466 fronde
633 434 713 477 viva,

207 478 267 511 Fel
292 480 456 520 antiquum
481 484 513 513 et
536 482 650 513 nociva

258 527 388 560 Primae
421 529 516 569 stirpi
542 532 713 571 temperas.

206 584 308 616 Deum
335 586 433 628 paris,
459 587 549 627 virgo
574 595 666 627 pura,

209 632 256 665 Ut
278 633 442 673 praedixit
465 634 499 666 in
522 633 625 675 figura

255 681 364 713 Isaias
383 682 542 721 primitus.

205 738 283 770 Flos
305 739 439 779 pudoris
456 748 520 771 non
535 739 715 778 marcescit,

206 785 304 824 Quem
313 789 385 826 post
393 789 519 826 partum
525 787 713 819 brumanes-

484 843 513 865 ci

253 881 299 913 Et
322 881 460 914 humana
484 837 620 923 vatnitas⁷

204 938 340 971 Florens
357 939 467 971 hortus
484 942 516 971 et
534 938 711 981 conclusus,

205 986 317 1019 Dulcis
343 985 466 1019 fructus
491 996 604 1027 gerens
624 995 710 1026 usus,

256 1034 342 1067 Fons
367 1035 519 1078 signatus,

251 1083 346 1116 Vitae
369 1085 481 1124 status,

291 1131 343 1163 Tu
365 1131 452 1163 oliva
475 1132 666 1172 germinans.

206 1188 256 1220 Tu
280 1187 435 1221 frondosa
458 1189 537 1228 tilia,

201 1236 291 1269 Dans
315 1237 481 1269 umbracia
504 1238 603 1279 milia,

252 1283 359 1317 Fonte
383 1285 455 1318 vivo
480 1285 586 1326 rigua,

205 1342 254 1374 Tu
278 1342 341 1374 Dei
365 1343 550 1384 sacrarium,

201 1389 314 1422 Noctis
339 1390 552 1431 luminarium,

253 1438 303 1470 Tu
327 1438 462 1471 illustris
489 1439 628 1479 claritas,

251 1485 302 1517 Tu
326 1487 411 1519 veris
435 1486 591 1530 hilaritas,

289 1533 361 1566 Lux
385 1534 446 1566 soli
472 1533 676 1567 contermina.

198 1591 249 1622 Tu
272 1595 347 1631 post
368 1594 481 1624 ventos
507 1592 684 1625 hiemantes

251 1640 386 1673 Aestiva
410 1641 575 1683 serenitas,

198 1697 223 1730 O
249 1697 307 1729 sub
332 1698 446 1731 umbra
470 1701 562 1739 grata
586 1698 685 1740 quies,

250 1745 397 1778 Fontana
421 1747 581 1789 viriditas,

201 1806 251 1838 Tu
275 1804 412 1838 fervoris
438 1805 576 1837 aestuosi

249 1853 395 1893 Opacans
420 1853 602 1896 temperies,

202 1911 318 1944 Flante
343 1911 438 1943 terris
464 1911 612 1951 aquilone

250 1959 300 1991 Tu
323 1959 405 1991 lenis
431 1959 590 2000 caliditas,

199 2017 287 2050 Odor
310 2014 409 2058 floris,
434 2014 493 2049 flos
518 2016 636 2058 odoris,

250 2064 363 2097 Dulcis
388 2065 584 2109 odoramine,

200 2123 281 2162 Ave,
307 2132 381 2155 rosa
403 2123 560 2165 vigorosa,

195 2172 246 2204 Tu
272 2171 417 2204 columna
440 2171 571 2212 pietatis

196 2220 241 2253 Et
265 2220 394 2252 alumna
419 2219 560 2261 deitatis,

248 2268 298 2301 Tu
322 2268 470 2301 candoris
495 2268 610 2302 lilium.

197 2327 281 2367 Quos
306 2326 348 2359 ad
374 2328 478 2359 ortum
503 2328 578 2359 tuae
599 2325 705 2358 laudis

192 2375 310 2409 Mundi
343 2375 456 2408 dulcor
480 2384 557 2407 suae
581 2373 705 2407 fraudis

245 2424 283 2458 In
309 2433 424 2457 occasu
447 2423 583 2465 nubilat,

786 233 868 269 321).

784 388 827 420 33
836 387 866 421 b.

781 586 864 620 34b.

782 741 824 774 35
833 740 865 774 b.

780 942 823 974 36
832 940 863 974 b.

776 1190 819 1222 37
828 1189 859 1223 b.

776 1343 856 1376 3812.

773 1593 858 1626 39b.

770 1698 854 1733 401).

776 1805 819 1837 41
829 1804 861 1839 b.

773 1912 817 1944 42
826 1910 856 1942 b.

772 2016 855 2051 43b.

774 2124 819 2156 44
827 2123 857 2156 b.

772 2327 815 2360 45
824 2326 856 2360 b.

895 234 981 275 Quae
1012 232 1148 266 distillas
1176 234 1255 266 caeli
1280 243 1395 276 rorem,

893 282 954 315 Dei
976 284 1087 314 nectar
1112 285 1145 313 et
1168 282 1332 325 liquorem,

946 330 1045 362 Plena
1070 329 1166 362 laude
1189 330 1288 364 varia.

894 387 980 421 Nata
996 390 1130 429 patrem,
1150 395 1267 427 parens
1280 389 1400 427 natum,

892 435 996 467 Homo
1021 435 1125 467 Deum
1149 435 1365 478 humanatum,

892 484 978 515 Ante
1003 486 1127 523 tempus
1153 486 1337 523 generatum

944 531 1041 571 Virgo
1066 539 1196 562 manens
1221 539 1364 571 generas.

892 588 999 629 Salve,
1027 588 1123 620 decus
1149 587 1314 628 virginale,

892 636 938 668 Te
962 635 1100 675 signavit
1123 633 1256 675 figurale

943 684 1054 716 Vellus
1073 683 1207 714 madens
1234 683 1374 715 caelitus.

892 740 955 773 Sed
981 741 1034 781 qui
1060 739 1130 781 fuit,
1155 740 1242 772 idem
1266 742 1385 784 manet,

890 788 960 820 Nec
985 797 1133 820 excessus
1157 790 1248 820 aestu
1273 791 1376 829 canet,

942 836 1051 868 Prima
1075 838 1182 867 manet
1205 836 1368 869 sanctitas.

890 941 991 982 Mitis,
1020 941 1144 979 decens,
1173 941 1312 981 elimata,

887 990 966 1029 Igne
990 989 1053 1020 Dei
1076 990 1112 1019 tu
1135 986 1306 1029 flammata,

939 1037 1131 1078 Purpurata,

939 1084 1126 1121 Sublimata,

976 1133 1067 1165 Evae
1076 1130 1201 1162 cladem
1208 1130 1383 1162 terminans
1390 1157 1396 1164 .

884 1189 956 1232 Eia,
983 1189 1073 1231 virgo
1100 1189 1260 1229 decorata,

885 1238 1018 1280 Fronte,
1043 1236 1142 1278 genis,
1169 1244 1224 1268 ore
1249 1237 1350 1278 grata,

937 1286 986 1318 Tu
1011 1285 1081 1318 Deo
1107 1284 1265 1324 contigua.

883 1343 933 1375 Tu
958 1352 1033 1375 rosa
1059 1341 1239 1381 candidula,

885 1392 1006 1423 Austro
1034 1390 1114 1423 caeli
1140 1389 1287 1427 stridula,

938 1439 1036 1472 Cuius
1062 1446 1175 1471 rorans
1201 1436 1313 1469 folium

939 1487 1012 1519 Vile
1037 1486 1140 1518 nescit
1164 1485 1274 1517 lolium

975 1534 1021 1567 Et
1045 1533 1177 1567 sinistra
1201 1536 1353 1574 germina.

883 1593 961 1625 Post
985 1592 1145 1633 proeellas
1171 1590 1360 1623 fiuctuantes

942 1641 991 1673 Tu
1015 1640 1104 1681 pacis
1131 1640 1317 1673 amoenitas.

885 1698 1032 1731 Vernaus
1057 1697 1187 1731 radiosa
1214 1697 1292 1738 dies,

935 1746 1086 1779 Fervoris
1115 1746 1276 1786 algiditas.

887 1804 1004 1837 Mundi
1028 1805 1115 1837 salus
1140 1803 1270 1848 ruinosi,

936 1853 1014 1885 Post
1037 1860 1214 1885 maerorem
1239 1852 1377 1892 requies.

885 1910 963 1943 Cum
988 1911 1038 1943 sol
1062 1909 1157 1942 ardet
1179 1909 1213 1941 in
1237 1910 1340 1953 leone,

935 1959 984 1991 Tu
1009 1961 1100 1999 grata
1123 1956 1297 1999 frigiditas.

882 2016 960 2049 Flos
984 2017 1018 2049 in
1043 2024 1127 2058 rore,
1152 2025 1206 2048 ros
1230 2016 1264 2048 in
1288 2014 1379 2059 flore,

937 2065 1081 2098 Vernaus
1105 2064 1216 2097 Austri
1242 2062 1381 2097 flamine.

885 2124 910 2156 Ο
937 2123 964 2155 si
988 2126 1126 2155 mentem
1151 2131 1214 2155 vox
1231 2124 1392 2163 sequatur,

884 2171 918 2204 Si
928 2180 986 2212 per
995 2172 1136 2212 linguam
1146 2170 1390 2213 constringatur,

883 2220 976 2260 Quod
1002 2229 1056 2252 cor
1080 2219 1165 2251 intus
1191 2218 1374 2258 meditatur,

936 2269 961 2302 Ο
991 2270 1094 2301 mater
1120 2266 1293 2300 humilium.

882 2326 954 2359 Duc
977 2326 1011 2359 in
1036 2325 1125 2367 pacis
1151 2324 1304 2357 orientem

882 2376 961 2409 Post
984 2378 1142 2407 terrarum
1168 2372 1376 2412 occidentem,

933 2423 1000 2457 Ubi
1023 2423 1090 2456 vita
1113 2420 1238 2453 iubilat.

1177 2486 1193 2514 (5
