1651 2700
121 230 151 262 5.
177 227 246 260 Tua
270 235 376 259 rosam

224 277 354 315 superat
378 273 488 315 facies,

178 322 403 356 Columbarum

224 370 353 402 luminis
379 370 475 411 acies,

177 418 268 451 Nulli
287 418 335 450 rei

223 469 290 499 tam
314 466 450 506 pulchra
474 467 608 507 species,

176 515 215 547 In
234 517 267 546 te
290 513 440 554 splendet

227 562 331 595 carnis
356 561 515 595 materies.

126 641 148 672 “.
173 639 251 671 Flos
277 648 430 680 rosarum,

223 687 278 718 lux
304 686 391 718 orbis
415 685 536 727 inclita,

176 734 278 767 Stella
304 734 401 766 maris

223 781 348 823 fulgore
372 781 530 821 praedita,

175 830 237 862 Per
263 838 356 870 quam
381 829 467 861 salus

222 881 270 909 est
293 877 412 909 mundo
438 876 576 917 reddita,

173 926 225 958 Ad
251 925 385 958 salutem

222 974 266 1005 sis
291 972 382 1005 nobis
408 972 530 1005 semita.

141 1074 149 1082 .
174 1050 221 1082 Te
250 1051 402 1082 nascente

221 1098 277 1129 lux
301 1098 412 1137 ingens
437 1097 548 1137 oritur,

175 1145 394 1179 Tenebrarum

221 1192 368 1224 minister
391 1192 542 1235 laeditur,

176 1240 339 1274 Ululando

223 1289 264 1320 de
288 1290 320 1320 te
346 1287 561 1329 conqueritur,

178 1336 408 1376 Triumphante

221 1386 296 1416 nato
322 1383 529 1416 convincitur.

142 1486 149 1492 .
176 1460 317 1500 Gemma,
342 1459 431 1492 sidus

219 1507 401 1548 splendoris
425 1507 525 1548 nimii,

172 1555 264 1588 Luna
289 1554 413 1597 fulgens

219 1603 364 1636 immensi
389 1603 483 1646 radii,

170 1652 331 1684 Desolatis

218 1699 315 1740 plena
338 1708 411 1740 spes
434 1699 553 1741 gaudii,

169 1748 284 1781 Portus
310 1747 402 1780 nobis

218 1795 262 1827 sis
288 1794 457 1836 refrigerii.

135 1896 143 1905 .
170 1871 260 1903 Nulli
284 1874 359 1904 ante

216 1922 271 1951 tua
293 1920 416 1952 natalia

167 1967 272 2000 Tanta
295 1966 358 1999 fuit

216 2015 292 2049 data
315 2016 470 2056 potentia,

167 2064 214 2096 Te
238 2066 390 2096 nascente

214 2112 302 2144 venit
325 2112 472 2155 victoria,

165 2160 266 2192 Nobis
287 2163 393 2192 autem

211 2218 333 2241 summa
357 2208 490 2244 laetitia.

92 2286 148 2320 10.
162 2286 226 2318 Per
250 2289 282 2318 te
306 2285 398 2318 nobis

210 2343 284 2375 spes
308 2334 504 2379 attribuitur,

161 2381 365 2415 Infernorum

206 2431 297 2464 limes
324 2432 509 2474 destruitur,

805 449 859 482 11.

802 856 856 889 12.

802 1267 854 1300 13.

796 1680 851 1713 14.

795 2094 849 2127 15.

888 231 1094 263 Peccatorum

934 277 1028 317 culpa
1052 277 1234 318 remittitur,

886 325 930 357 Et
955 325 1099 357 caelestis

932 373 1040 413 palma
1063 372 1270 413 promittitur.

886 450 911 482 Ο
936 448 1091 480 salvatrix

933 496 1059 529 humani
1084 497 1219 538 generis,

883 544 1087 576 Interemtrix

931 592 1028 624 totius
1052 592 1182 623 sceleris

885 639 1006 680 Gaude,
1032 640 1130 683 virgo,

932 696 1013 727 quae
1037 687 1117 720 tanti
1143 687 1281 719 muneris

883 734 1040 766 Donatrix
1065 744 1098 767 es

929 786 961 813 et
981 786 1092 822 portus
1117 783 1252 815 miseris.

884 858 1006 898 Gaude,
1033 862 1134 891 mater

930 908 1046 946 tuoque
1070 906 1186 946 gaudio

882 952 949 985 Nos
975 954 1097 986 colloca

928 1001 1034 1039 precis
1059 1001 1187 1041 auxilio,

883 1048 1042 1081 Salvatori

929 1096 1124 1129 concordans
1149 1095 1215 1128 filio

881 1142 948 1175 Nos
973 1147 1154 1176 sanctorum

927 1192 1022 1233 iunge
1047 1191 1213 1224 consortio.

880 1267 1057 1300 Benedicta

928 1318 982 1347 tua
1008 1316 1182 1357 conceptio,

879 1363 1056 1396 Benedicta

929 1411 1048 1443 Christi
1070 1411 1261 1453 progressio,

882 1459 977 1502 Gru,
1004 1460 1184 1499 sepulcrum

927 1509 959 1538 et
978 1507 1180 1549 resurrectio,

879 1555 1056 1587 Benedicta

928 1603 993 1635 eius
1018 1603 1172 1636 ascensio.

877 1679 1082 1720 Benedictus,

926 1728 978 1768 qui
1004 1726 1082 1759 fecit
1103 1727 1221 1768 sidera,

876 1775 979 1817 Mare,
1008 1778 1126 1808 terram

927 1827 959 1855 et
983 1833 1125 1865 quaeque
1149 1826 1266 1860 cetera,

877 1872 936 1913 Qui
960 1881 995 1904 se
1020 1872 1136 1904 clausit

924 1920 958 1952 in
983 1922 1039 1952 tua
1063 1920 1198 1959 viscera,

878 1969 924 2003 Ut
943 1969 1065 2001 locaret

922 2026 980 2048 nos
1005 2025 1102 2057 super
1126 2015 1266 2049 aethera.

874 2093 1068 2126 Benedictus

921 2144 1016 2174 natus
1040 2151 1228 2185 puerperae,

875 2189 935 2230 Qui
959 2190 1097 2222 redemit

920 2238 1134 2270 membrorum
1158 2239 1291 2271 vulnero

873 2287 936 2319 Pro
961 2286 1104 2327 parentis

921 2335 1087 2368 damnatos
1109 2335 1240 2374 scelere,

871 2384 931 2425 Qui
955 2383 1108 2424 lugebant

917 2434 1049 2465 aeterno
1078 2438 1217 2463 carcere,

1189 2483 1231 2514 5*
