1651 2700
206 245 262 278 22.

204 656 259 688 223.

194 1477 249 1509 25.

196 1890 252 1922 26.

186 2306 241 2338 27.

289 244 364 283 Vos,
389 245 529 285 inquam,
557 246 751 285 conveniam,

334 301 397 325 non
424 293 495 325 dico
521 291 669 335 factores,

289 339 353 371 Sed
378 343 503 372 tantum
529 340 692 373 Mosaicae

335 387 415 429 legis
441 388 614 429 auditores,

287 435 348 474 Qui
373 439 456 477 sunt,
484 445 563 476 quos
585 438 619 469 in
644 437 778 468 invicem

335 483 500 525 confertis,
526 492 650 517 errores

287 531 453 564 Adversus
480 532 656 564 catholicae

333 577 411 612 fidei
436 580 600 612 cultores?

286 654 400 687 Nonne
425 656 578 695 seriptum
602 656 726 696 legitis:

333 703 366 734 in
393 712 449 735 ore
475 703 607 735 duorum

286 750 392 782 Stabit
420 750 660 782 testimonium?

334 799 391 831 sed
418 799 505 839 quid,
532 798 559 829 si
584 799 754 830 multorum

288 845 368 878 Utar
392 845 583 878 testimoniis

331 894 372 926 ad
398 894 497 926 robur
524 894 691 936 dictorum,

286 941 474 974 Credetisne
494 941 630 974 testibus

333 990 382 1021 vel
410 990 505 1021 dictis
531 990 660 1021 eorum‘:

249 1092 255 1099 .
282 1065 383 1097 Isaias
408 1065 564 1106 siquidem

329 1114 489 1154 propheta
513 1116 658 1150 testatur,

283 1161 435 1193 Ieremias
461 1160 577 1193 asserit

330 1209 391 1241 hoc
416 1212 447 1240 et
471 1207 682 1248 praelibatur,

284 1256 347 1288 l'cr
372 1266 451 1297 quos
477 1259 510 1287 et
531 1264 592 1296 per
617 1257 696 1288 alios

328 1307 478 1343 patenter
504 1304 670 1344 probatur,

282 1351 371 1390 Quod
396 1353 487 1385 Iesus
512 1360 550 1383 ex
577 1352 699 1391 virgine

329 1401 435 1433 Maria
459 1401 620 1433 nascatur.

278 1474 386 1508 Labiis
412 1475 645 1516 quodammodo

327 1523 376 1555 vir
400 1523 652 1564 incircumcisus,

278 1570 342 1603 Sed
367 1572 442 1603 hinc
467 1580 486 1603 a
511 1571 669 1604 catholica

325 1617 390 1652 fide
415 1629 477 1651 non
504 1619 634 1660 divisus,

277 1668 410 1712 Quaero,
439 1667 516 1707 quid
542 1667 701 1709 significet

325 1714 455 1748 Danieli
481 1715 567 1748 visus

277 1763 388 1805 Lapis,
415 1764 484 1796 sine
509 1764 655 1796 manibus

327 1811 367 1844 de
391 1815 498 1844 monte
523 1812 697 1853 praecisus.

280 1888 363 1927 Quid
390 1890 536 1930 designet
560 1890 665 1932 etiam,

322 1938 407 1977 quod
433 1937 531 1970 rubus
557 1938 694 1970 ardebat

275 1985 320 2018 Et
345 1986 460 2018 rubum
484 1986 666 2018 nullatenus

322 2034 404 2074 ignis
432 2034 655 2073 comburebat3

273 2082 364 2115 Haec
388 2085 523 2122 utraque
549 2082 627 2115 visio

320 2131 467 2164 videntes
493 2129 617 2163 latebat

268 2179 314 2211 Et
337 2178 485 2219 profecto
510 2178 643 2219 virginis

317 2231 446 2269 partum
473 2226 683 2268 exprimebat.

269 2304 388 2346 David,
417 2314 487 2337 cum
512 2308 672 2346 senuerat,

314 2353 438 2394 Abisag
463 2352 595 2387 fovebat

264 2402 309 2435 Et
333 2412 451 2444 regem,
478 2405 515 2434 ut
538 2402 682 2443 legimus,

314 2450 533 2494 calefaciebat,

891 464 946 496 28.

887 872 941 903 29.

884 1282 939 1314 30.

883 1695 936 1728 31.

877 2110 931 2143 32.

974 243 1038 276 Sed
1063 252 1123 276 nec
1147 253 1204 277 rex
1230 246 1402 277 carnaliter

1023 301 1091 324 eam
1112 293 1332 333 cognoscebat,

975 338 1044 371 Nec
1068 349 1087 371 a
1111 349 1187 380 rege
1211 341 1369 373 maculam

1020 387 1091 427 ipsa
1114 388 1332 420 contrahebat.

973 461 1035 502 Sic,
1063 464 1110 495 sic
1129 463 1189 495 Dei
1214 464 1359 503 genetrix

1021 514 1053 542 et
1075 512 1292 551 incorporavit

972 559 1074 591 Deum
1101 561 1133 590 et
1158 559 1333 599 virgineum

1018 605 1129 639 florem
1156 608 1366 648 conservavit,

971 654 1062 693 Quod
1086 655 1225 686 Iudaeus
1250 655 1382 687 audiens

1019 702 1181 743 hueusque
1204 704 1334 742 negavit

970 748 1015 780 Et
1040 751 1132 789 sicut,
1159 758 1240 789 quae
1264 751 1369 793 periit,

1017 798 1084 830 ovis
1107 798 1154 829 sic
1179 800 1307 831 erravit.

968 871 1040 915 Dic,
1067 873 1245 913 quicunque
1271 874 1405 905 crederis

1021 929 1091 952 esse
1118 921 1167 952 vel
1192 921 1291 953 fuisse

968 966 1138 999 Discussor
1163 972 1193 999 et
1219 969 1340 1001 arbiter

1016 1016 1144 1047 virtutis
1168 1017 1374 1057 praemissae,

966 1062 1048 1101 Quid
1074 1066 1126 1095 est
1149 1063 1328 1095 mirabilius

1013 1115 1140 1151 partum
1167 1112 1363 1143 concessisse

967 1158 1102 1199 Virgini,
1133 1167 1173 1190 an
1199 1159 1357 1191 hominem

1015 1207 1055 1239 de
1079 1209 1167 1238 terra
1190 1205 1326 1239 fecisse?

967 1280 1001 1313 Si
1031 1291 1101 1314 esse
1127 1284 1328 1316 contenderis

1015 1334 1125 1362 eontra
1150 1331 1254 1363 carnis
1277 1332 1357 1370 iura,

966 1376 1056 1415 Quod
1081 1379 1171 1418 virgo
1195 1380 1379 1419 conciperet

1013 1426 1082 1457 sine
1106 1427 1263 1467 genitura,

965 1472 1038 1515 Dic,
1064 1474 1091 1505 si
1116 1475 1211 1515 nosti,
1239 1475 1326 1506 cuius
1353 1479 1402 1507 est

1012 1520 1092 1553 haec
1114 1522 1188 1563 ipsa
1211 1526 1334 1566 natura,

964 1569 1033 1607 Qua
1056 1570 1156 1601 traxit
1180 1570 1333 1611 originem

1012 1618 1113 1650 omnis
1139 1620 1312 1650 ereatura?

963 1692 1092 1736 Moyses
1119 1694 1311 1727 dominicum

1011 1742 1194 1775 mandatum
1222 1744 1404 1784 complebat

962 1789 1007 1822 Et
1032 1791 1072 1823 de
1097 1791 1216 1822 cunctis
1241 1792 1388 1824 tribubus

1009 1840 1116 1879 virgas
1145 1838 1323 1884 adferebat,

962 1886 1052 1919 Inter
1076 1896 1164 1931 quas,
1191 1897 1273 1927 quae
1298 1887 1405 1920 fuerat

1009 1937 1131 1976 Aaron,
1161 1934 1335 1969 frondebat

961 1982 1006 2015 Et
1027 1986 1102 2024 post
1128 1984 1211 2017 diem
1236 1986 1372 2018 alterum

1007 2041 1104 2065 nuces
1128 2033 1338 2073 producebat.

958 2109 1109 2142 Delectat
1135 2111 1320 2150 mysterium

1005 2158 1067 2191 hoc
1091 2168 1239 2199 magnum
1265 2160 1377 2192 videre

957 2206 1002 2238 Et
1029 2209 1141 2239 contra
1165 2207 1331 2239 Iudaicam

1005 2254 1164 2288 haeresim
1189 2256 1334 2296 miscere,

958 2306 1046 2343 Quae
1069 2303 1173 2336 Deum
1199 2305 1233 2335 in
1258 2303 1382 2343 virgine

1007 2354 1143 2393 denegat
1167 2353 1338 2393 complere,

955 2401 1046 2441 Quod
1071 2401 1172 2441 liquet
1196 2401 1237 2432 ad
1264 2400 1390 2433 oculum

1002 2450 1036 2483 in
1063 2450 1154 2490 virga
1177 2452 1299 2489 patere.
