1651 2700
660 141 915 176 -110—

163 244 194 275 3.
222 241 358 274 Verbum
382 239 475 279 illud,
500 239 629 273 verbum
654 237 726 279 Dei,

222 290 282 321 Per
307 288 391 330 quod
415 288 613 321 salvarentur
636 286 693 319 rei.

219 337 316 377 Audi,
343 336 443 379 virgo,
469 335 565 367 verba
589 343 668 374 mea,

221 387 301 425 Spes
328 387 361 415 et
383 384 480 422 salus,
506 382 572 414 vita
593 390 674 421 mea,

161 472 193 505 4.
219 469 305 502 Audi
330 472 404 501 vota
427 467 636 507 supplicantis

219 518 267 550 Te
293 517 406 549 devote
429 514 648 554 reclamantis3

219 564 316 607 Audi,
341 563 476 603 inquam,
504 561 730 601 paenitentem,

224 613 306 644 Prae
330 611 470 650 peccatis
494 609 556 641 iam
584 607 765 640 foetentem.

161 699 191 731 5.
218 697 279 729 Pro
305 694 430 735 peccati
450 703 523 726 nam
548 695 673 725 sentina

219 743 323 775 Instat
345 750 416 774 mea
438 741 502 773 iam
527 742 628 781 ruina,

218 790 268 822 Sis
293 789 398 822 ruenti
421 788 590 831 medicina,

219 837 320 876 Assis,
348 837 485 869 clemens
509 845 527 868 o
551 836 671 875 regina.

161 924 193 956 G.
218 922 270 954 Ab
296 924 399 954 aetate
423 921 549 963 puerili,

221 970 274 1014 Et,
301 978 381 1010 quae
406 968 518 1008 fervet,
544 969 675 1002 iuvenili

220 1016 383 1049 Incentivo
408 1016 492 1049 velle
515 1020 645 1050 tremor.

221 1064 385 1097 Criminali
409 1064 492 1097 mole
515 1073 652 1105 premor.

161 1152 192 1184 7.
217 1150 307 1182 Haec
332 1153 381 1182 est
403 1150 456 1182 via
478 1153 681 1189 peecatorum

218 1197 263 1229 Et
287 1198 432 1238 voluptas
456 1197 614 1238 vitiorum,

221 1246 307 1285 Quae
331 1245 373 1278 ad
397 1248 507 1285 portas
534 1244 620 1277 ducit
644 1244 756 1277 mortis

218 1292 274 1324 Me
299 1291 357 1324 sub
381 1292 474 1325 huius
500 1301 573 1324 rosa
596 1292 701 1325 sortis.

160 1378 190 1410 8.
217 1378 321 1410 Instat
348 1386 478 1419 serpens
501 1377 646 1409 inimicus

222 1425 283 1457 Ille
308 1424 408 1458 fallax
431 1428 462 1456 et
486 1425 642 1465 antiquus,

222 1473 283 1511 Qui
306 1481 358 1504 me
383 1472 508 1514 quaerit
530 1472 702 1505 absorbere

217 1520 262 1552 Et
284 1520 468 1561 absorptum
493 1520 641 1553 retinere.

164 1607 196 1638 9.
222 1605 286 1638 Sed
311 1608 355 1643 tu,
382 1605 476 1637 stella
498 1605 596 1637 maris
620 1605 684 1645 pia,

224 1653 431 1685 Peccatorum
450 1660 535 1694 speS,
560 1652 679 1693 Maria,

222 1700 301 1733 Flos
327 1702 358 1731 et
380 1699 460 1732 odor
480 1699 643 1731 beatorum

225 1747 328 1788 Super
353 1747 465 1779 choros
489 1747 680 1791 angelorum,

155 1834 210 1867 10.
223 1833 355 1871 Munda⁷
381 1841 507 1872 quaeSO,
535 1832 689 1865 criminali

222 1880 279 1914 Me
303 1880 498 1920 squalentem
524 1881 619 1912 sorde
642 1882 719 1914 mali

222 1927 388 1969 Dignitate
412 1928 553 1968 speciali,

224 1975 293 2014 Qua
316 1974 419 2016 fulges
442 1976 499 2016 sio,
524 1976 683 2017 virginali.

155 2061 209 2095 11.
225 2061 303 2101 Age,
330 2069 454 2100 precor,
480 2070 546 2101 age,
573 2065 692 2104 sancta,

222 2109 304 2148 Quia
327 2107 426 2145 vides,
452 2108 537 2140 mala
561 2112 678 2148 quanta

224 2156 317 2189 Nunc
342 2155 497 2188 invadunt
523 2164 637 2196 corpus
658 2166 772 2200 meum,

226 2203 328 2244 Super
352 2202 437 2235 omni
461 2211 515 2235 reo
540 2212 636 2236 reum.

158 2282 211 2314 12.
228 2279 452 2312 Conculcatum
477 2279 576 2311 hostis
601 2280 710 2320 planta

226 2328 277 2361 De
303 2326 449 2360 draconis
474 2327 567 2360 fauce
592 2331 681 2360 tanta

226 2375 346 2409 Libera
370 2384 430 2416 me,
455 2377 557 2407 mater
580 2375 652 2416 Dei,

225 2424 316 2457 Hora
337 2422 449 2456 mortis
474 2426 507 2456 et
532 2422 606 2458 diei.

837 238 889 272 13.
916 237 984 269 Fac
1004 244 1054 268 me
1079 234 1147 268 Deo
1173 244 1228 267 vas
1252 233 1414 275 pudicum,

921 280 1444 324 Vastransgressumperantiquum

917 331 1123 364 Seductorem
1147 329 1319 369 inimicum,

918 379 968 411 Ne
992 387 1044 410 me
1066 378 1175 410 trahat
1197 378 1231 410 in
1255 378 1428 409 Avernum.

837 466 892 498 14.
920 466 1053 507 Pietate,
1081 473 1144 503 qua
1166 462 1337 502 redundas,

919 513 1138 545 Lacrimarum
1161 509 1267 542 flentis
1291 508 1403 551 undas,

921 560 1026 600 Virgo,
1053 568 1129 590 cura
1152 558 1200 590 sic
1225 556 1371 598 discerni,

921 607 971 639 Ne
995 615 1046 638 me
1072 605 1202 638 claudat
1225 613 1259 636 os
1277 602 1405 637 inferni.

837 694 892 728 15.
919 693 992 725 Non
1017 692 1151 732 despero
1179 690 1218 722 de
1243 688 1357 728 salute,

918 740 1010 772 Licet
1033 748 1104 772 mea
1127 739 1291 770 iuventute

920 788 994 820 Mea
1020 786 1082 819 fuit
1105 794 1231 826 semper
1257 785 1322 816 vita

920 835 1077 868 Vitiorum
1100 834 1186 866 mole
1209 832 1296 873 trita,

840 921 895 956 16.
922 921 956 953 Si
982 921 1022 952 ob
1048 923 1134 952 tuam
1159 919 1353 960 genetricem

921 968 1067 1001 Animam
1092 967 1140 999 vis
1165 965 1376 1006 peccatricem

919 1015 1093 1059 Exaudite,
1119 1016 1172 1055 pie
1196 1014 1294 1057 Deus,

921 1063 979 1103 Qui
998 1071 1191 1104 compungor
1214 1061 1327 1101 culpae
1352 1068 1435 1092 reus.

838 1150 893 1184 17.
920 1149 1002 1182 Nam
1027 1148 1056 1181 si
1078 1147 1160 1180 fides
1185 1145 1396 1188 adprobatur,

920 1197 1015 1236 Quies
1039 1205 1132 1228 sacra
1153 1194 1366 1236 praedicatur,

917 1244 980 1277 Est
1002 1245 1131 1276 insanus
1158 1242 1358 1285 christianus,

920 1292 979 1331 Qui
1003 1301 1067 1325 non
1093 1290 1205 1332 credit,
1232 1290 1306 1330 quia
1327 1297 1438 1320 manus

840 1379 893 1411 18.
921 1378 982 1410 Dei
1019 1377 1156 1410 clemens
1182 1379 1231 1408 est
1255 1378 1288 1407 et
1310 1377 1449 1415 praesto,

923 1425 957 1458 Si
983 1425 1136 1457 contritus
1162 1424 1260 1457 corde
1282 1425 1403 1455 maesto

920 1473 1112 1513 Interpellat
1137 1473 1289 1512 pietatem

919 1521 983 1553 Per
1006 1520 1131 1552 Mariae
1158 1518 1355 1559 dignitatem.

839 1607 895 1639 19.
923 1606 1002 1645 Quia
1026 1605 1133 1637 multis
1161 1604 1359 1645 argumentis

922 1653 1013 1685 Licet
1037 1653 1124 1685 horis
1149 1656 1182 1684 et
1204 1652 1372 1684 momentis

922 1700 1020 1734 Sacra
1045 1700 1139 1733 docet
1161 1708 1218 1732 nos
1243 1699 1403 1740 scriptura

919 1749 1116 1782 Paenitentis
1141 1756 1267 1788 semper
1293 1756 1369 1780 cura

841 1835 895 1868 20.
920 1835 974 1868 Ad
1000 1833 1165 1874 exemplar
1191 1836 1371 1866 creatorum

921 1882 1110 1915 Dominator
1134 1881 1318 1922 angelorum

925 1930 1073 1963 Ostendit
1097 1938 1132 1962 se
1155 1930 1259 1970 ipsum
1282 1929 1399 1971 Deum,

924 1978 997 2010 Non
1011 1978 1225 2010 condemnans
1234 1978 1343 2010 statim
1352 1985 1453 2011 reum.

844 2065 898 2098 21.
925 2063 1007 2096 Nam
1027 2064 1080 2104 qui
1098 2065 1228 2097 Petrum
1240 2072 1275 2096 se
1288 2066 1456 2104 negantem

923 2111 997 2144 Non
1024 2111 1168 2151 despexit
1193 2111 1424 2152 lacrimantem,

924 2158 995 2191 Non
1024 2159 1182 2200 despexit,
1208 2158 1265 2191 sed
1291 2159 1445 2199 respexit,

926 2206 1005 2239 Cum
1030 2216 1066 2239 se
1089 2215 1177 2238 reum
1202 2205 1281 2238 flens
1309 2207 1440 2250 detexit⁷

846 2285 901 2316 22.
927 2283 972 2316 Et
995 2282 1114 2315 latroni
1138 2292 1197 2322 pro
1221 2282 1394 2322 Memento,

928 2330 1018 2370 Quod
1044 2330 1194 2363 clamavit
1218 2331 1251 2363 in
1276 2333 1446 2373 momento,

927 2378 1028 2411 Dedit
1049 2378 1155 2410 locum
1178 2378 1333 2419 paradisi,

925 2426 1001 2459 Mea
1026 2425 1123 2466 culpa
1144 2435 1237 2467 quem
1260 2426 1364 2470 amisi,
