<?xml version="1.0" encoding="UTF-8"?>
<!DOCTYPE html PUBLIC "-//W3C//DTD XHTML 1.0 Transitional//EN"
    "http://www.w3.org/TR/xhtml1/DTD/xhtml1-transitional.dtd">
<html xmlns="http://www.w3.org/1999/xhtml" xml:lang="en" lang="en">
 <head>
  <title>
</title>
<meta http-equiv="Content-Type" content="text/html;charset=utf-8" />
  <meta name='ocr-system' content='tesseract 3.04.00' />
  <meta name='ocr-capabilities' content='ocr_page ocr_carea ocr_par ocr_line ocrx_word'/>
</head>
<body>
  <div class='ocr_page' id='page_1' title='image "./analectahymnica32drevuoft_00190.png"; bbox 0 0 1651 2700; ppageno 0'>
   <div class='ocr_carea' id='block_1_1' title="bbox 668 134 926 171">
    <p class='ocr_par' dir='ltr' id='par_1_1' title="bbox 668 134 926 171">
     <span class='ocr_line' id='line_1_1' title="bbox 668 134 926 171; baseline 0 0"><span class='ocrx_word' id='word_1_1' title='bbox 668 134 926 171; x_wconf 80' lang='lat'>—187—</span> 
     </span>
    </p>
   </div>
   <div class='ocr_carea' id='block_1_2' title="bbox 140 224 1460 1637">
    <p class='ocr_par' dir='ltr' id='par_1_2' title="bbox 140 224 1460 1561">
     <span class='ocr_line' id='line_1_2' title="bbox 142 224 1455 268; baseline 0.005 -14"><span class='ocrx_word' id='word_1_2' title='bbox 142 224 187 261; x_wconf 99' lang='lat'><strong>51,</strong></span> <span class='ocrx_word' id='word_1_3' title='bbox 209 225 227 255; x_wconf 92' lang='grc'>8</span> <span class='ocrx_word' id='word_1_4' title='bbox 246 229 340 265; x_wconf 82' lang='lat' dir='ltr'><strong>virgo,</strong></span> <span class='ocrx_word' id='word_1_5' title='bbox 362 228 534 258; x_wconf 88' lang='lat' dir='ltr'><strong>confidimus</strong></span> <span class='ocrx_word' id='word_1_6' title='bbox 556 231 589 265; x_wconf 88' lang='lat' dir='ltr'><strong>Q.</strong></span> <span class='ocrx_word' id='word_1_7' title='bbox 611 247 648 251; x_wconf 90' lang='lat'>—</span> <span class='ocrx_word' id='word_1_8' title='bbox 668 228 713 264; x_wconf 90' lang='lat'><strong>52,</strong></span> <span class='ocrx_word' id='word_1_9' title='bbox 730 229 751 258; x_wconf 87' lang='grc'><strong>4</strong></span> <span class='ocrx_word' id='word_1_10' title='bbox 769 233 904 268; x_wconf 82' lang='lat' dir='ltr'><strong>pungunt</strong></span> <span class='ocrx_word' id='word_1_11' title='bbox 922 231 956 258; x_wconf 91' lang='lat' dir='ltr'><strong>A.</strong></span> <span class='ocrx_word' id='word_1_12' title='bbox 974 246 1008 250; x_wconf 91' lang='lat'><strong>—-</strong></span> <span class='ocrx_word' id='word_1_13' title='bbox 1023 228 1068 265; x_wconf 85' lang='lat'><strong>52,</strong></span> <span class='ocrx_word' id='word_1_14' title='bbox 1085 229 1102 258; x_wconf 92' lang='grc'><strong>6</strong></span> <span class='ocrx_word' id='word_1_15' title='bbox 1122 231 1159 259; x_wconf 85' lang='lat' dir='ltr'><strong>ab</strong></span> <span class='ocrx_word' id='word_1_16' title='bbox 1181 232 1244 259; x_wconf 89' lang='lat' dir='ltr'><strong>eius</strong></span> <span class='ocrx_word' id='word_1_17' title='bbox 1264 232 1355 260; x_wconf 85' lang='lat' dir='ltr'><strong>luviis</strong></span> <span class='ocrx_word' id='word_1_18' title='bbox 1370 234 1404 267; x_wconf 91' lang='lat' dir='ltr'><strong>Q.</strong></span> <span class='ocrx_word' id='word_1_19' title='bbox 1417 248 1455 252; x_wconf 94' lang='lat'><strong>--</strong></span> 
     </span>
     <span class='ocr_line' id='line_1_3' title="bbox 141 262 1457 304; baseline 0.005 -11"><span class='ocrx_word' id='word_1_20' title='bbox 141 262 192 300; x_wconf 86' lang='lat'><strong>53,</strong></span> <span class='ocrx_word' id='word_1_21' title='bbox 215 264 230 293; x_wconf 90' lang='lat'>1</span> <span class='ocrx_word' id='word_1_22' title='bbox 251 266 287 294; x_wconf 86' lang='lat' dir='ltr'><strong>In</strong></span> <span class='ocrx_word' id='word_1_23' title='bbox 315 264 373 295; x_wconf 91' lang='lat' dir='ltr'><strong>hoc</strong></span> <span class='ocrx_word' id='word_1_24' title='bbox 398 268 507 296; x_wconf 83' lang='lat' dir='ltr'><strong>mundo</strong></span> <span class='ocrx_word' id='word_1_25' title='bbox 528 269 567 303; x_wconf 89' lang='lat' dir='ltr'><strong>B;</strong></span> <span class='ocrx_word' id='word_1_26' title='bbox 592 269 634 296; x_wconf 87' lang='lat' dir='ltr'><strong>Et</strong></span> <span class='ocrx_word' id='word_1_27' title='bbox 657 270 689 296; x_wconf 90' lang='lat' dir='ltr'><strong>in</strong></span> <span class='ocrx_word' id='word_1_28' title='bbox 716 269 823 297; x_wconf 88' lang='lat' dir='ltr'><strong>mundo</strong></span> <span class='ocrx_word' id='word_1_29' title='bbox 846 269 876 297; x_wconf 81' lang='lat' dir='ltr'><strong>G.</strong></span> <span class='ocrx_word' id='word_1_30' title='bbox 897 284 935 289; x_wconf 86' lang='lat'>—</span> <span class='ocrx_word' id='word_1_31' title='bbox 955 266 1005 304; x_wconf 85' lang='lat'><strong>53,</strong></span> <span class='ocrx_word' id='word_1_32' title='bbox 1026 266 1044 296; x_wconf 86' lang='lat'><strong>3</strong></span> <span class='ocrx_word' id='word_1_33' title='bbox 1065 272 1095 296; x_wconf 85' lang='lat' dir='ltr'><strong>et</strong></span> <span class='ocrx_word' id='word_1_34' title='bbox 1116 268 1189 297; x_wconf 88' lang='lat' dir='ltr'><strong>fehlt</strong></span> <span class='ocrx_word' id='word_1_35' title='bbox 1208 271 1242 297; x_wconf 91' lang='lat' dir='ltr'><strong>A.</strong></span> <span class='ocrx_word' id='word_1_36' title='bbox 1264 285 1301 290; x_wconf 92' lang='lat'>—</span> <span class='ocrx_word' id='word_1_37' title='bbox 1321 268 1366 304; x_wconf 86' lang='lat'><strong>53,</strong></span> <span class='ocrx_word' id='word_1_38' title='bbox 1388 269 1409 298; x_wconf 99' lang='lat'>4</span> <span class='ocrx_word' id='word_1_39' title='bbox 1428 274 1457 299; x_wconf 87' lang='lat' dir='ltr'><strong>et</strong></span> 
     </span>
     <span class='ocr_line' id='line_1_4' title="bbox 142 302 1456 342; baseline 0.005 -11"><span class='ocrx_word' id='word_1_40' title='bbox 142 302 216 332; x_wconf 81' lang='lat' dir='ltr'><strong>fehlt</strong></span> <span class='ocrx_word' id='word_1_41' title='bbox 235 304 270 338; x_wconf 97' lang='lat' dir='ltr'><strong>Q.</strong></span> <span class='ocrx_word' id='word_1_42' title='bbox 292 319 327 323; x_wconf 90' lang='lat'>—</span> <span class='ocrx_word' id='word_1_43' title='bbox 349 304 396 342; x_wconf 86' lang='lat'><strong>54,</strong></span> <span class='ocrx_word' id='word_1_44' title='bbox 415 304 435 333; x_wconf 89' lang='lat'>2</span> <span class='ocrx_word' id='word_1_45' title='bbox 455 315 538 334; x_wconf 84' lang='lat' dir='ltr'><strong>amor</strong></span> <span class='ocrx_word' id='word_1_46' title='bbox 556 307 688 335; x_wconf 77' lang='lat' dir='ltr'><strong>modicus</strong></span> <span class='ocrx_word' id='word_1_47' title='bbox 708 307 743 334; x_wconf 88' lang='lat' dir='ltr'><strong>A.</strong></span> <span class='ocrx_word' id='word_1_48' title='bbox 764 322 802 327; x_wconf 97' lang='lat'><strong>-—</strong></span> <span class='ocrx_word' id='word_1_49' title='bbox 822 305 867 341; x_wconf 89' lang='lat'><strong>55,</strong></span> <span class='ocrx_word' id='word_1_50' title='bbox 890 306 905 335; x_wconf 91' lang='lat'>1</span> <span class='ocrx_word' id='word_1_51' title='bbox 925 307 968 334; x_wconf 75' lang='lat' dir='ltr'><strong>Et</strong></span> <span class='ocrx_word' id='word_1_52' title='bbox 986 309 1018 335; x_wconf 91' lang='lat' dir='ltr'><strong>in</strong></span> <span class='ocrx_word' id='word_1_53' title='bbox 1038 307 1144 335; x_wconf 85' lang='lat' dir='ltr'><strong>mundo</strong></span> <span class='ocrx_word' id='word_1_54' title='bbox 1158 307 1197 342; x_wconf 85' lang='lat' dir='ltr'><strong>A3</strong></span> <span class='ocrx_word' id='word_1_55' title='bbox 1220 307 1278 336; x_wconf 83' lang='lat' dir='ltr'><strong>Sed</strong></span> <span class='ocrx_word' id='word_1_56' title='bbox 1297 309 1329 335; x_wconf 87' lang='lat' dir='ltr'><strong>in</strong></span> <span class='ocrx_word' id='word_1_57' title='bbox 1349 309 1456 337; x_wconf 82' lang='lat' dir='ltr'><strong>mundo</strong></span> 
     </span>
     <span class='ocr_line' id='line_1_5' title="bbox 142 341 1456 381; baseline 0.004 -12"><span class='ocrx_word' id='word_1_58' title='bbox 142 343 175 370; x_wconf 86' lang='lat' dir='ltr'><strong>G.</strong></span> <span class='ocrx_word' id='word_1_59' title='bbox 197 357 235 361; x_wconf 97' lang='lat'><strong>—</strong></span> <span class='ocrx_word' id='word_1_60' title='bbox 255 341 302 378; x_wconf 89' lang='lat'><strong>55,</strong></span> <span class='ocrx_word' id='word_1_61' title='bbox 323 341 341 370; x_wconf 98' lang='lat'><strong>5</strong></span> <span class='ocrx_word' id='word_1_62' title='bbox 363 344 405 372; x_wconf 85' lang='lat' dir='ltr'><strong>Et</strong></span> <span class='ocrx_word' id='word_1_63' title='bbox 427 352 495 380; x_wconf 85' lang='lat' dir='ltr'><strong>ergo</strong></span> <span class='ocrx_word' id='word_1_64' title='bbox 518 346 551 379; x_wconf 91' lang='lat' dir='ltr'><strong>Q.</strong></span> <span class='ocrx_word' id='word_1_65' title='bbox 572 360 609 364; x_wconf 89' lang='lat'><strong>—</strong></span> <span class='ocrx_word' id='word_1_66' title='bbox 631 344 687 372; x_wconf 91' lang='lat' dir='ltr'>Str.</span> <span class='ocrx_word' id='word_1_67' title='bbox 709 343 745 372; x_wconf 90' lang='lat'><strong>57</strong></span> <span class='ocrx_word' id='word_1_68' title='bbox 765 345 839 373; x_wconf 84' lang='lat' dir='ltr'><strong>fehlt</strong></span> <span class='ocrx_word' id='word_1_69' title='bbox 853 346 893 381; x_wconf 74' lang='lat' dir='ltr'><strong>Q,</strong></span> <span class='ocrx_word' id='word_1_70' title='bbox 915 345 992 373; x_wconf 91' lang='lat' dir='ltr'><strong>steht</strong></span> <span class='ocrx_word' id='word_1_71' title='bbox 1011 346 1109 373; x_wconf 86' lang='lat' dir='ltr'><strong>hinter</strong></span> <span class='ocrx_word' id='word_1_72' title='bbox 1123 345 1179 374; x_wconf 85' lang='lat' dir='ltr'>Str.</span> <span class='ocrx_word' id='word_1_73' title='bbox 1201 343 1237 373; x_wconf 93' lang='lat'>60</span> <span class='ocrx_word' id='word_1_74' title='bbox 1252 346 1309 374; x_wconf 79' lang='grc' dir='ltr'><strong>ΒΟ.</strong></span> <span class='ocrx_word' id='word_1_75' title='bbox 1325 361 1358 365; x_wconf 92' lang='grc'><strong>-</strong></span> <span class='ocrx_word' id='word_1_76' title='bbox 1375 344 1420 381; x_wconf 89' lang='grc'><strong>58,</strong></span> <span class='ocrx_word' id='word_1_77' title='bbox 1438 345 1456 374; x_wconf 67' lang='lat'><strong>23</strong></span> 
     </span>
     <span class='ocr_line' id='line_1_6' title="bbox 142 380 1456 419; baseline 0.002 -10"><span class='ocrx_word' id='word_1_78' title='bbox 142 380 194 409; x_wconf 88' lang='lat' dir='ltr'><strong>Sic</strong></span> <span class='ocrx_word' id='word_1_79' title='bbox 220 388 322 409; x_wconf 82' lang='lat' dir='ltr'><strong>amara</strong></span> <span class='ocrx_word' id='word_1_80' title='bbox 340 382 398 410; x_wconf 84' lang='lat' dir='ltr'><strong>BC.</strong></span> <span class='ocrx_word' id='word_1_81' title='bbox 426 397 463 401; x_wconf 91' lang='lat'><strong>—</strong></span> <span class='ocrx_word' id='word_1_82' title='bbox 491 381 542 417; x_wconf 90' lang='lat'><strong>58,</strong></span> <span class='ocrx_word' id='word_1_83' title='bbox 562 381 583 410; x_wconf 89' lang='lat'>4</span> <span class='ocrx_word' id='word_1_84' title='bbox 606 384 718 411; x_wconf 82' lang='lat' dir='ltr'><strong>caduca</strong></span> <span class='ocrx_word' id='word_1_85' title='bbox 736 383 821 412; x_wconf 83' lang='lat' dir='ltr'><strong>labili</strong></span> <span class='ocrx_word' id='word_1_86' title='bbox 842 383 898 411; x_wconf 85' lang='lat' dir='ltr'><strong>BC.</strong></span> <span class='ocrx_word' id='word_1_87' title='bbox 918 398 957 402; x_wconf 90' lang='lat'>—</span> <span class='ocrx_word' id='word_1_88' title='bbox 977 381 1022 419; x_wconf 86' lang='lat'><strong>58,</strong></span> <span class='ocrx_word' id='word_1_89' title='bbox 1040 381 1057 410; x_wconf 83' lang='lat'>2</span> <span class='ocrx_word' id='word_1_90' title='bbox 1077 392 1121 419; x_wconf 88' lang='lat' dir='ltr'><strong>sq.</strong></span> <span class='ocrx_word' id='word_1_91' title='bbox 1140 383 1239 411; x_wconf 88' lang='lat' dir='ltr'><strong>fehlen</strong></span> <span class='ocrx_word' id='word_1_92' title='bbox 1260 384 1293 417; x_wconf 92' lang='lat' dir='ltr'><strong>Q.</strong></span> <span class='ocrx_word' id='word_1_93' title='bbox 1313 399 1353 403; x_wconf 84' lang='lat'><strong>—-</strong></span> <span class='ocrx_word' id='word_1_94' title='bbox 1372 385 1456 413; x_wconf 85' lang='lat' dir='ltr'><strong>Nach</strong></span> 
     </span>
     <span class='ocr_line' id='line_1_7' title="bbox 142 415 1458 460; baseline 0.003 -14"><span class='ocrx_word' id='word_1_95' title='bbox 142 415 192 452; x_wconf 84' lang='lat'><strong>58,</strong></span> <span class='ocrx_word' id='word_1_96' title='bbox 214 416 233 446; x_wconf 89' lang='lat'>8</span> <span class='ocrx_word' id='word_1_97' title='bbox 251 419 295 447; x_wconf 86' lang='lat' dir='ltr'><strong>Ut</strong></span> <span class='ocrx_word' id='word_1_98' title='bbox 316 421 415 448; x_wconf 83' lang='lat' dir='ltr'><strong>tecum</strong></span> <span class='ocrx_word' id='word_1_99' title='bbox 440 423 551 449; x_wconf 85' lang='lat' dir='ltr'><strong>stemus</strong></span> <span class='ocrx_word' id='word_1_100' title='bbox 575 419 608 448; x_wconf 83' lang='lat' dir='ltr'><strong>in</strong></span> <span class='ocrx_word' id='word_1_101' title='bbox 631 422 697 449; x_wconf 83' lang='lat' dir='ltr'><strong>loco</strong></span> <span class='ocrx_word' id='word_1_102' title='bbox 724 421 820 450; x_wconf 85' lang='lat' dir='ltr'><strong>nobili</strong></span> <span class='ocrx_word' id='word_1_103' title='bbox 839 421 874 455; x_wconf 87' lang='lat' dir='ltr'><strong>Q.</strong></span> <span class='ocrx_word' id='word_1_104' title='bbox 900 437 937 442; x_wconf 90' lang='lat'><strong>—-</strong></span> <span class='ocrx_word' id='word_1_105' title='bbox 962 420 1012 456; x_wconf 91' lang='lat'><strong>59,</strong></span> <span class='ocrx_word' id='word_1_106' title='bbox 1034 419 1050 448; x_wconf 93' lang='lat'>1</span> <span class='ocrx_word' id='word_1_107' title='bbox 1071 422 1183 456; x_wconf 82' lang='lat' dir='ltr'><strong>Hostis,</strong></span> <span class='ocrx_word' id='word_1_108' title='bbox 1211 424 1261 458; x_wconf 78' lang='lat' dir='ltr'><strong>qui</strong></span> <span class='ocrx_word' id='word_1_109' title='bbox 1280 430 1335 449; x_wconf 86' lang='lat' dir='ltr'><strong>nos</strong></span> <span class='ocrx_word' id='word_1_110' title='bbox 1359 424 1395 460; x_wconf 73' lang='lat' dir='ltr'><strong>B,</strong></span> <span class='ocrx_word' id='word_1_111' title='bbox 1415 423 1458 450; x_wconf 87' lang='lat' dir='ltr'><strong>Et</strong></span> 
     </span>
     <span class='ocr_line' id='line_1_8' title="bbox 142 457 1456 495; baseline 0.004 -12"><span class='ocrx_word' id='word_1_112' title='bbox 142 457 215 494; x_wconf 84' lang='lat' dir='ltr'><strong>quia</strong></span> <span class='ocrx_word' id='word_1_113' title='bbox 242 466 296 486; x_wconf 85' lang='lat' dir='ltr'><strong>nos</strong></span> <span class='ocrx_word' id='word_1_114' title='bbox 319 457 355 494; x_wconf 78' lang='lat'><strong>03</strong></span> <span class='ocrx_word' id='word_1_115' title='bbox 382 459 424 486; x_wconf 83' lang='lat' dir='ltr'><strong>Et</strong></span> <span class='ocrx_word' id='word_1_116' title='bbox 449 467 524 494; x_wconf 87' lang='lat' dir='ltr'><strong>quae</strong></span> <span class='ocrx_word' id='word_1_117' title='bbox 551 467 605 486; x_wconf 92' lang='lat' dir='ltr'><strong>nos</strong></span> <span class='ocrx_word' id='word_1_118' title='bbox 627 460 661 494; x_wconf 85' lang='lat' dir='ltr'><strong>Q.</strong></span> <span class='ocrx_word' id='word_1_119' title='bbox 689 474 723 478; x_wconf 89' lang='lat'><strong>—</strong></span> <span class='ocrx_word' id='word_1_120' title='bbox 752 457 801 493; x_wconf 88' lang='grc'><strong>59,</strong></span> <span class='ocrx_word' id='word_1_121' title='bbox 823 457 841 487; x_wconf 88' lang='lat'><strong>3</strong></span> <span class='ocrx_word' id='word_1_122' title='bbox 862 458 963 487; x_wconf 85' lang='lat' dir='ltr'><strong>eadem</strong></span> <span class='ocrx_word' id='word_1_123' title='bbox 984 459 1019 495; x_wconf 72' lang='lat' dir='ltr'><strong>O,</strong></span> <span class='ocrx_word' id='word_1_124' title='bbox 1048 460 1094 487; x_wconf 88' lang='lat' dir='ltr'><strong>Ab</strong></span> <span class='ocrx_word' id='word_1_125' title='bbox 1116 462 1158 488; x_wconf 85' lang='lat' dir='ltr'><strong>eis</strong></span> <span class='ocrx_word' id='word_1_126' title='bbox 1180 460 1213 494; x_wconf 89' lang='lat' dir='ltr'><strong>Q.</strong></span> <span class='ocrx_word' id='word_1_127' title='bbox 1234 473 1272 479; x_wconf 80' lang='lat'>—</span> <span class='ocrx_word' id='word_1_128' title='bbox 1292 458 1343 494; x_wconf 87' lang='lat'><strong>59,</strong></span> <span class='ocrx_word' id='word_1_129' title='bbox 1363 460 1383 488; x_wconf 88' lang='lat'>4</span> <span class='ocrx_word' id='word_1_130' title='bbox 1402 469 1456 488; x_wconf 87' lang='lat' dir='ltr'><strong>nos</strong></span> 
     </span>
     <span class='ocr_line' id='line_1_9' title="bbox 141 495 1454 534; baseline 0.002 -11"><span class='ocrx_word' id='word_1_131' title='bbox 141 497 237 523; x_wconf 85' lang='lat' dir='ltr'><strong>mater</strong></span> <span class='ocrx_word' id='word_1_132' title='bbox 258 496 292 530; x_wconf 93' lang='lat' dir='ltr'><strong>Q.</strong></span> <span class='ocrx_word' id='word_1_133' title='bbox 314 511 353 515; x_wconf 90' lang='lat'><strong>-—</strong></span> <span class='ocrx_word' id='word_1_134' title='bbox 372 495 417 532; x_wconf 90' lang='grc'>59,</span> <span class='ocrx_word' id='word_1_135' title='bbox 440 496 456 523; x_wconf 91' lang='grc'>7</span> <span class='ocrx_word' id='word_1_136' title='bbox 477 497 574 534; x_wconf 87' lang='lat' dir='ltr'><strong>Atque</strong></span> <span class='ocrx_word' id='word_1_137' title='bbox 593 499 684 525; x_wconf 85' lang='lat' dir='ltr'><strong>vitam</strong></span> <span class='ocrx_word' id='word_1_138' title='bbox 707 497 741 524; x_wconf 91' lang='lat' dir='ltr'><strong>A.</strong></span> <span class='ocrx_word' id='word_1_139' title='bbox 761 511 801 516; x_wconf 88' lang='lat'><strong>——</strong></span> <span class='ocrx_word' id='word_1_140' title='bbox 820 495 865 531; x_wconf 88' lang='lat'>60,</span> <span class='ocrx_word' id='word_1_141' title='bbox 886 496 903 525; x_wconf 90' lang='lat'>5</span> <span class='ocrx_word' id='word_1_142' title='bbox 923 497 1031 533; x_wconf 84' lang='lat' dir='ltr'>Labor,</span> <span class='ocrx_word' id='word_1_143' title='bbox 1052 498 1133 525; x_wconf 85' lang='lat' dir='ltr'><strong>nefas</strong></span> <span class='ocrx_word' id='word_1_144' title='bbox 1155 497 1188 531; x_wconf 87' lang='lat' dir='ltr'><strong>Q.</strong></span> <span class='ocrx_word' id='word_1_145' title='bbox 1211 514 1247 518; x_wconf 88' lang='lat'>—</span> <span class='ocrx_word' id='word_1_146' title='bbox 1268 496 1313 531; x_wconf 89' lang='lat'>60,</span> <span class='ocrx_word' id='word_1_147' title='bbox 1335 497 1352 526; x_wconf 92' lang='lat'>6</span> <span class='ocrx_word' id='word_1_148' title='bbox 1372 499 1454 526; x_wconf 82' lang='lat' dir='ltr'><strong>nefas</strong></span> 
     </span>
     <span class='ocr_line' id='line_1_10' title="bbox 142 532 1455 571; baseline 0.002 -11"><span class='ocrx_word' id='word_1_149' title='bbox 142 536 173 561; x_wconf 90' lang='lat' dir='ltr'><strong>et</strong></span> <span class='ocrx_word' id='word_1_150' title='bbox 192 533 232 568; x_wconf 85' lang='lat' dir='ltr'><strong>A3</strong></span> <span class='ocrx_word' id='word_1_151' title='bbox 253 535 342 561; x_wconf 85' lang='lat' dir='ltr'><strong>timor</strong></span> <span class='ocrx_word' id='word_1_152' title='bbox 362 536 483 563; x_wconf 84' lang='lat' dir='ltr'><strong>miseria</strong></span> <span class='ocrx_word' id='word_1_153' title='bbox 503 536 538 570; x_wconf 93' lang='lat' dir='ltr'><strong>Q.</strong></span> <span class='ocrx_word' id='word_1_154' title='bbox 558 550 595 553; x_wconf 97' lang='lat'><strong>—</strong></span> <span class='ocrx_word' id='word_1_155' title='bbox 615 533 661 569; x_wconf 94' lang='lat'><strong>61,</strong></span> <span class='ocrx_word' id='word_1_156' title='bbox 681 532 699 562; x_wconf 85' lang='lat'><strong>3</strong></span> <span class='ocrx_word' id='word_1_157' title='bbox 719 535 806 563; x_wconf 83' lang='lat' dir='ltr'><strong>Nunc</strong></span> <span class='ocrx_word' id='word_1_158' title='bbox 826 537 961 563; x_wconf 83' lang='lat' dir='ltr'><strong>timemus</strong></span> <span class='ocrx_word' id='word_1_159' title='bbox 983 536 1017 570; x_wconf 89' lang='lat' dir='ltr'><strong>Q.</strong></span> <span class='ocrx_word' id='word_1_160' title='bbox 1037 550 1074 554; x_wconf 89' lang='lat'><em>-</em></span> <span class='ocrx_word' id='word_1_161' title='bbox 1095 534 1141 570; x_wconf 91' lang='lat'><strong>61,</strong></span> <span class='ocrx_word' id='word_1_162' title='bbox 1161 534 1178 562; x_wconf 87' lang='grc'>5</span> <span class='ocrx_word' id='word_1_163' title='bbox 1202 535 1260 563; x_wconf 89' lang='lat' dir='ltr'><strong>Sed</strong></span> <span class='ocrx_word' id='word_1_164' title='bbox 1278 535 1354 563; x_wconf 79' lang='lat' dir='ltr'><strong>fehlt</strong></span> <span class='ocrx_word' id='word_1_165' title='bbox 1370 538 1404 571; x_wconf 92' lang='lat' dir='ltr'><strong>Q.</strong></span> <span class='ocrx_word' id='word_1_166' title='bbox 1418 551 1455 555; x_wconf 86' lang='lat'><strong>—-</strong></span> 
     </span>
     <span class='ocr_line' id='line_1_11' title="bbox 143 568 1455 609; baseline 0.002 -11"><span class='ocrx_word' id='word_1_167' title='bbox 143 568 188 604; x_wconf 88' lang='lat'><strong>61,</strong></span> <span class='ocrx_word' id='word_1_168' title='bbox 212 569 230 599; x_wconf 88' lang='lat'>8</span> <span class='ocrx_word' id='word_1_169' title='bbox 250 580 305 600; x_wconf 86' lang='lat' dir='ltr'><strong>nos</strong></span> <span class='ocrx_word' id='word_1_170' title='bbox 327 573 363 600; x_wconf 87' lang='lat' dir='ltr'><strong>ab</strong></span> <span class='ocrx_word' id='word_1_171' title='bbox 385 582 419 601; x_wconf 92' lang='lat' dir='ltr'><strong>eo</strong></span> <span class='ocrx_word' id='word_1_172' title='bbox 441 573 566 609; x_wconf 88' lang='lat' dir='ltr'><strong>deprimi</strong></span> <span class='ocrx_word' id='word_1_173' title='bbox 586 573 619 606; x_wconf 92' lang='lat' dir='ltr'><strong>Q.</strong></span> <span class='ocrx_word' id='word_1_174' title='bbox 640 587 679 594; x_wconf 87' lang='lat'><strong>-—</strong></span> <span class='ocrx_word' id='word_1_175' title='bbox 700 571 743 607; x_wconf 93' lang='lat'><strong>62,</strong></span> <span class='ocrx_word' id='word_1_176' title='bbox 766 571 783 601; x_wconf 93' lang='grc'>5</span> <span class='ocrx_word' id='word_1_177' title='bbox 803 573 953 601; x_wconf 83' lang='lat' dir='ltr'><strong>Interdum</strong></span> <span class='ocrx_word' id='word_1_178' title='bbox 975 576 1004 600; x_wconf 92' lang='lat' dir='ltr'><strong>et</strong></span> <span class='ocrx_word' id='word_1_179' title='bbox 1016 573 1050 601; x_wconf 84' lang='lat' dir='ltr'><strong>A.</strong></span> <span class='ocrx_word' id='word_1_180' title='bbox 1071 590 1109 594; x_wconf 89' lang='lat'><strong>—</strong></span> <span class='ocrx_word' id='word_1_181' title='bbox 1130 570 1174 608; x_wconf 85' lang='lat'><strong>63,</strong></span> <span class='ocrx_word' id='word_1_182' title='bbox 1188 571 1206 601; x_wconf 89' lang='lat'>8</span> <span class='ocrx_word' id='word_1_183' title='bbox 1225 574 1272 601; x_wconf 81' lang='lat' dir='ltr'><strong>fac</strong></span> <span class='ocrx_word' id='word_1_184' title='bbox 1292 582 1345 602; x_wconf 84' lang='lat' dir='ltr'><strong>nos</strong></span> <span class='ocrx_word' id='word_1_185' title='bbox 1359 575 1455 603; x_wconf 83' lang='lat' dir='ltr'><strong>socios</strong></span> 
     </span>
     <span class='ocr_line' id='line_1_12' title="bbox 145 608 1456 648; baseline 0.004 -13"><span class='ocrx_word' id='word_1_186' title='bbox 145 610 179 644; x_wconf 94' lang='lat' dir='ltr'><strong>Q.</strong></span> <span class='ocrx_word' id='word_1_187' title='bbox 204 624 244 628; x_wconf 92' lang='lat'><strong>—-</strong></span> <span class='ocrx_word' id='word_1_188' title='bbox 271 608 323 643; x_wconf 89' lang='lat'><strong>64,</strong></span> <span class='ocrx_word' id='word_1_189' title='bbox 344 609 361 637; x_wconf 94' lang='lat'>7</span> <span class='ocrx_word' id='word_1_190' title='bbox 383 611 535 639; x_wconf 85' lang='lat' dir='ltr'><strong>dimittunt</strong></span> <span class='ocrx_word' id='word_1_191' title='bbox 554 611 593 646; x_wconf 85' lang='lat' dir='ltr'><strong>A;</strong></span> <span class='ocrx_word' id='word_1_192' title='bbox 618 612 819 645; x_wconf 76' lang='lat' dir='ltr'><strong>permittentes</strong></span> <span class='ocrx_word' id='word_1_193' title='bbox 840 611 875 645; x_wconf 88' lang='lat' dir='ltr'><strong>Q.</strong></span> <span class='ocrx_word' id='word_1_194' title='bbox 895 625 932 630; x_wconf 89' lang='lat'><strong>-—</strong></span> <span class='ocrx_word' id='word_1_195' title='bbox 954 610 998 645; x_wconf 89' lang='lat'><strong>65,</strong></span> <span class='ocrx_word' id='word_1_196' title='bbox 1020 609 1037 638; x_wconf 89' lang='lat'>6</span> <span class='ocrx_word' id='word_1_197' title='bbox 1058 613 1237 648; x_wconf 86' lang='lat' dir='ltr'><strong>compatiens</strong></span> <span class='ocrx_word' id='word_1_198' title='bbox 1259 611 1293 645; x_wconf 87' lang='lat' dir='ltr'><strong>Q.</strong></span> <span class='ocrx_word' id='word_1_199' title='bbox 1316 627 1351 632; x_wconf 84' lang='lat'>—</span> <span class='ocrx_word' id='word_1_200' title='bbox 1373 610 1418 646; x_wconf 92' lang='lat'><strong>66,</strong></span> <span class='ocrx_word' id='word_1_201' title='bbox 1438 610 1456 640; x_wconf 77' lang='lat'><strong>3</strong></span> 
     </span>
     <span class='ocr_line' id='line_1_13' title="bbox 143 646 1457 686; baseline 0.002 -12"><span class='ocrx_word' id='word_1_202' title='bbox 143 648 227 682; x_wconf 84' lang='lat' dir='ltr'><strong>Quae</strong></span> <span class='ocrx_word' id='word_1_203' title='bbox 254 650 400 685; x_wconf 79' lang='lat' dir='ltr'><strong>percussit</strong></span> <span class='ocrx_word' id='word_1_204' title='bbox 418 649 537 677; x_wconf 81' lang='lat' dir='ltr'><strong>Goliam</strong></span> <span class='ocrx_word' id='word_1_205' title='bbox 560 649 593 683; x_wconf 88' lang='lat' dir='ltr'><strong>Q.</strong></span> <span class='ocrx_word' id='word_1_206' title='bbox 623 663 662 669; x_wconf 83' lang='lat'><strong>——</strong></span> <span class='ocrx_word' id='word_1_207' title='bbox 687 646 736 682; x_wconf 79' lang='grc'><strong>66,</strong></span> <span class='ocrx_word' id='word_1_208' title='bbox 759 647 775 677; x_wconf 93' lang='lat'>6</span> <span class='ocrx_word' id='word_1_209' title='bbox 804 657 921 676; x_wconf 85' lang='lat' dir='ltr'><strong>oramus</strong></span> <span class='ocrx_word' id='word_1_210' title='bbox 945 650 977 683; x_wconf 87' lang='lat' dir='ltr'><strong>Q.</strong></span> <span class='ocrx_word' id='word_1_211' title='bbox 1005 663 1041 669; x_wconf 44' lang='grc' dir='ltr'><strong>-ψ-</strong></span> <span class='ocrx_word' id='word_1_212' title='bbox 1075 648 1123 684; x_wconf 90' lang='grc'><strong>66,</strong></span> <span class='ocrx_word' id='word_1_213' title='bbox 1145 646 1163 676; x_wconf 92' lang='lat'>8</span> <span class='ocrx_word' id='word_1_214' title='bbox 1189 652 1219 677; x_wconf 88' lang='lat' dir='ltr'><strong>et</strong></span> <span class='ocrx_word' id='word_1_215' title='bbox 1242 652 1308 686; x_wconf 84' lang='lat' dir='ltr'><strong>pete</strong></span> <span class='ocrx_word' id='word_1_216' title='bbox 1334 650 1457 686; x_wconf 83' lang='lat' dir='ltr'><strong>provide</strong></span> 
     </span>
     <span class='ocr_line' id='line_1_14' title="bbox 145 684 1456 722; baseline 0.002 -9"><span class='ocrx_word' id='word_1_217' title='bbox 145 686 179 720; x_wconf 92' lang='lat' dir='ltr'><strong>Q.</strong></span> <span class='ocrx_word' id='word_1_218' title='bbox 207 701 245 707; x_wconf 78' lang='lat'><strong>—</strong></span> <span class='ocrx_word' id='word_1_219' title='bbox 276 686 334 714; x_wconf 86' lang='lat' dir='ltr'>Str.</span> <span class='ocrx_word' id='word_1_220' title='bbox 360 684 397 715; x_wconf 93' lang='lat'>68</span> <span class='ocrx_word' id='word_1_221' title='bbox 424 686 498 714; x_wconf 87' lang='lat' dir='ltr'><strong>fehlt</strong></span> <span class='ocrx_word' id='word_1_222' title='bbox 519 688 553 721; x_wconf 90' lang='lat' dir='ltr'><strong>Q.</strong></span> <span class='ocrx_word' id='word_1_223' title='bbox 583 701 620 705; x_wconf 91' lang='lat'><strong>—</strong></span> <span class='ocrx_word' id='word_1_224' title='bbox 641 687 697 715; x_wconf 89' lang='lat' dir='ltr'>Str.</span> <span class='ocrx_word' id='word_1_225' title='bbox 718 685 755 714; x_wconf 91' lang='lat'>70</span> <span class='ocrx_word' id='word_1_226' title='bbox 775 686 849 714; x_wconf 87' lang='lat' dir='ltr'><strong>fehlt</strong></span> <span class='ocrx_word' id='word_1_227' title='bbox 871 688 904 721; x_wconf 98' lang='lat' dir='ltr'><strong>Q.</strong></span> <span class='ocrx_word' id='word_1_228' title='bbox 923 701 962 706; x_wconf 85' lang='lat'><strong>—</strong></span> <span class='ocrx_word' id='word_1_229' title='bbox 981 686 1026 722; x_wconf 89' lang='lat'><strong>71,</strong></span> <span class='ocrx_word' id='word_1_230' title='bbox 1048 685 1065 715; x_wconf 91' lang='lat'>6</span> <span class='ocrx_word' id='word_1_231' title='bbox 1084 687 1225 716; x_wconf 86' lang='lat' dir='ltr'><strong>habemus</strong></span> <span class='ocrx_word' id='word_1_232' title='bbox 1247 690 1456 716; x_wconf 76' lang='lat' dir='ltr'><strong>conscientiam</strong></span> 
     </span>
     <span class='ocr_line' id='line_1_15' title="bbox 145 722 1457 762; baseline 0.003 -12"><span class='ocrx_word' id='word_1_233' title='bbox 145 725 180 759; x_wconf 93' lang='lat' dir='ltr'><strong>Q.</strong></span> <span class='ocrx_word' id='word_1_234' title='bbox 200 739 240 743; x_wconf 91' lang='lat'><strong>—</strong></span> <span class='ocrx_word' id='word_1_235' title='bbox 259 723 304 757; x_wconf 95' lang='lat'><strong>72,</strong></span> <span class='ocrx_word' id='word_1_236' title='bbox 326 722 344 752; x_wconf 86' lang='lat'><strong>3</strong></span> <span class='ocrx_word' id='word_1_237' title='bbox 363 725 405 752; x_wconf 85' lang='lat' dir='ltr'><strong>Et</strong></span> <span class='ocrx_word' id='word_1_238' title='bbox 423 733 476 760; x_wconf 88' lang='lat' dir='ltr'><strong>pro</strong></span> <span class='ocrx_word' id='word_1_239' title='bbox 497 725 582 752; x_wconf 89' lang='lat' dir='ltr'><strong>nobis</strong></span> <span class='ocrx_word' id='word_1_240' title='bbox 605 725 638 759; x_wconf 88' lang='lat' dir='ltr'><strong>Q.</strong></span> <span class='ocrx_word' id='word_1_241' title='bbox 655 739 694 744; x_wconf 89' lang='lat'><strong>-—</strong></span> <span class='ocrx_word' id='word_1_242' title='bbox 714 724 759 759; x_wconf 90' lang='lat'><strong>72,</strong></span> <span class='ocrx_word' id='word_1_243' title='bbox 780 722 797 751; x_wconf 90' lang='lat'>5</span> <span class='ocrx_word' id='word_1_244' title='bbox 817 725 859 752; x_wconf 75' lang='lat' dir='ltr'><strong>Et</strong></span> <span class='ocrx_word' id='word_1_245' title='bbox 877 727 910 752; x_wconf 88' lang='lat' dir='ltr'><strong>in</strong></span> <span class='ocrx_word' id='word_1_246' title='bbox 929 729 1021 753; x_wconf 87' lang='lat' dir='ltr'><strong>morte</strong></span> <span class='ocrx_word' id='word_1_247' title='bbox 1043 725 1076 759; x_wconf 92' lang='lat' dir='ltr'><strong>Q.</strong></span> <span class='ocrx_word' id='word_1_248' title='bbox 1098 724 1143 760; x_wconf 89' lang='grc'><strong>72,</strong></span> <span class='ocrx_word' id='word_1_249' title='bbox 1159 725 1175 752; x_wconf 92' lang='lat'>7</span> <span class='ocrx_word' id='word_1_250' title='bbox 1196 734 1240 762; x_wconf 86' lang='lat' dir='ltr'><strong>sq.</strong></span> <span class='ocrx_word' id='word_1_251' title='bbox 1258 726 1349 754; x_wconf 84' lang='lat' dir='ltr'><strong>Cuius</strong></span> <span class='ocrx_word' id='word_1_252' title='bbox 1369 729 1457 754; x_wconf 81' lang='lat' dir='ltr'><strong>timor</strong></span> 
     </span>
     <span class='ocr_line' id='line_1_16' title="bbox 142 760 1456 800; baseline 0.002 -10"><span class='ocrx_word' id='word_1_253' title='bbox 142 770 197 790; x_wconf 87' lang='lat' dir='ltr'><strong>nos</strong></span> <span class='ocrx_word' id='word_1_254' title='bbox 222 763 347 790; x_wconf 81' lang='lat' dir='ltr'><strong>multum</strong></span> <span class='ocrx_word' id='word_1_255' title='bbox 371 764 478 791; x_wconf 86' lang='lat' dir='ltr'><strong>terruit</strong></span> <span class='ocrx_word' id='word_1_256' title='bbox 499 764 532 797; x_wconf 88' lang='lat' dir='ltr'><strong>Q.</strong></span> <span class='ocrx_word' id='word_1_257' title='bbox 558 778 594 782; x_wconf 86' lang='lat'>—</span> <span class='ocrx_word' id='word_1_258' title='bbox 622 761 667 795; x_wconf 81' lang='lat'><strong>73,</strong></span> <span class='ocrx_word' id='word_1_259' title='bbox 698 760 712 789; x_wconf 98' lang='grc'><strong>1</strong></span> <span class='ocrx_word' id='word_1_260' title='bbox 740 771 783 798; x_wconf 90' lang='lat' dir='ltr'><strong>sq.</strong></span> <span class='ocrx_word' id='word_1_261' title='bbox 803 762 862 789; x_wconf 83' lang='lat' dir='ltr'><strong>Via</strong></span> <span class='ocrx_word' id='word_1_262' title='bbox 889 764 991 790; x_wconf 85' lang='lat' dir='ltr'><strong>mortis</strong></span> <span class='ocrx_word' id='word_1_263' title='bbox 1011 767 1118 791; x_wconf 86' lang='lat' dir='ltr'><strong>terram</strong></span> <span class='ocrx_word' id='word_1_264' title='bbox 1138 764 1317 800; x_wconf 83' lang='lat' dir='ltr'><strong>ingredimur</strong></span> <span class='ocrx_word' id='word_1_265' title='bbox 1336 765 1397 799; x_wconf 87' lang='lat' dir='ltr'><strong>BQ.</strong></span> <span class='ocrx_word' id='word_1_266' title='bbox 1417 779 1456 784; x_wconf 86' lang='lat'>—</span> 
     </span>
     <span class='ocr_line' id='line_1_17' title="bbox 145 797 1457 838; baseline 0.002 -11"><span class='ocrx_word' id='word_1_267' title='bbox 145 797 196 834; x_wconf 87' lang='lat'><strong>73,</strong></span> <span class='ocrx_word' id='word_1_268' title='bbox 219 798 237 828; x_wconf 90' lang='lat'>3</span> <span class='ocrx_word' id='word_1_269' title='bbox 257 801 299 828; x_wconf 85' lang='lat' dir='ltr'><strong>Et</strong></span> <span class='ocrx_word' id='word_1_270' title='bbox 344 803 426 828; x_wconf 86' lang='lat' dir='ltr'><strong>ostea</strong></span> <span class='ocrx_word' id='word_1_271' title='bbox 446 800 481 834; x_wconf 89' lang='lat' dir='ltr'><strong>Q.</strong></span> <span class='ocrx_word' id='word_1_272' title='bbox 511 814 548 819; x_wconf 82' lang='lat'><strong>—-</strong></span> <span class='ocrx_word' id='word_1_273' title='bbox 575 799 620 833; x_wconf 86' lang='grc'><strong>74,</strong></span> <span class='ocrx_word' id='word_1_274' title='bbox 641 798 659 828; x_wconf 86' lang='lat'><strong>3</strong></span> <span class='ocrx_word' id='word_1_275' title='bbox 681 808 723 835; x_wconf 86' lang='lat' dir='ltr'><strong>sq.</strong></span> <span class='ocrx_word' id='word_1_276' title='bbox 744 812 782 822; x_wconf 86' lang='lat'>=</span> <span class='ocrx_word' id='word_1_277' title='bbox 801 798 848 834; x_wconf 82' lang='lat'><strong>74,</strong></span> <span class='ocrx_word' id='word_1_278' title='bbox 868 799 886 828; x_wconf 87' lang='lat'>5</span> <span class='ocrx_word' id='word_1_279' title='bbox 906 809 949 836; x_wconf 83' lang='lat' dir='ltr'><strong>sq.</strong></span> <span class='ocrx_word' id='word_1_280' title='bbox 972 802 1006 835; x_wconf 90' lang='lat' dir='ltr'><strong>Q.</strong></span> <span class='ocrx_word' id='word_1_281' title='bbox 1025 817 1063 822; x_wconf 88' lang='lat'><strong>—-</strong></span> <span class='ocrx_word' id='word_1_282' title='bbox 1084 801 1130 836; x_wconf 85' lang='lat'><strong>74,</strong></span> <span class='ocrx_word' id='word_1_283' title='bbox 1151 799 1168 828; x_wconf 87' lang='lat'>5</span> <span class='ocrx_word' id='word_1_284' title='bbox 1189 810 1232 837; x_wconf 91' lang='lat' dir='ltr'><strong>sq.</strong></span> <span class='ocrx_word' id='word_1_285' title='bbox 1252 813 1290 824; x_wconf 60' lang='grc' dir='ltr'><strong>ετ</strong></span> <span class='ocrx_word' id='word_1_286' title='bbox 1310 801 1355 836; x_wconf 91' lang='lat'><strong>74,</strong></span> <span class='ocrx_word' id='word_1_287' title='bbox 1377 803 1394 830; x_wconf 89' lang='lat'>7</span> <span class='ocrx_word' id='word_1_288' title='bbox 1415 811 1457 838; x_wconf 87' lang='lat' dir='ltr'><strong>sq.</strong></span> 
     </span>
     <span class='ocr_line' id='line_1_18' title="bbox 145 810 1456 874; baseline 0.002 -9"><span class='ocrx_word' id='word_1_289' title='bbox 145 839 178 873; x_wconf 89' lang='lat' dir='ltr'><strong>Q.</strong></span> <span class='ocrx_word' id='word_1_290' title='bbox 200 852 238 857; x_wconf 84' lang='lat'><strong>—</strong></span> <span class='ocrx_word' id='word_1_291' title='bbox 259 838 305 873; x_wconf 87' lang='lat'><strong>74,</strong></span> <span class='ocrx_word' id='word_1_292' title='bbox 322 810 345 865; x_wconf 50' lang='lat'><strong>18)</strong></span> <span class='ocrx_word' id='word_1_293' title='bbox 365 846 517 874; x_wconf 82' lang='lat' dir='ltr'><strong>speramus</strong></span> <span class='ocrx_word' id='word_1_294' title='bbox 539 838 580 872; x_wconf 79' lang='lat' dir='ltr'>Q3</span> <span class='ocrx_word' id='word_1_295' title='bbox 602 838 694 865; x_wconf 86' lang='lat' dir='ltr'><strong>dann:</strong></span> <span class='ocrx_word' id='word_1_296' title='bbox 716 837 800 872; x_wconf 85' lang='lat' dir='ltr'><strong>Quod</strong></span> <span class='ocrx_word' id='word_1_297' title='bbox 820 839 961 866; x_wconf 77' lang='lat' dir='ltr'><strong>intremus</strong></span> <span class='ocrx_word' id='word_1_298' title='bbox 982 839 1095 867; x_wconf 85' lang='lat' dir='ltr'><strong>caelum</strong></span> <span class='ocrx_word' id='word_1_299' title='bbox 1116 840 1252 867; x_wconf 81' lang='lat' dir='ltr'><strong>alacriter</strong></span> <span class='ocrx_word' id='word_1_300' title='bbox 1272 840 1306 873; x_wconf 92' lang='lat' dir='ltr'><strong>Q.</strong></span> <span class='ocrx_word' id='word_1_301' title='bbox 1323 856 1357 859; x_wconf 96' lang='lat'><strong>—</strong></span> <span class='ocrx_word' id='word_1_302' title='bbox 1373 839 1420 874; x_wconf 91' lang='grc'><strong>75,</strong></span> <span class='ocrx_word' id='word_1_303' title='bbox 1443 840 1456 867; x_wconf 90' lang='grc'><strong>1</strong></span> 
     </span>
     <span class='ocr_line' id='line_1_19' title="bbox 142 874 1456 912; baseline 0.002 -9"><span class='ocrx_word' id='word_1_304' title='bbox 142 876 185 904; x_wconf 87' lang='lat' dir='ltr'><strong>Et</strong></span> <span class='ocrx_word' id='word_1_305' title='bbox 206 884 310 904; x_wconf 81' lang='lat' dir='ltr'><strong>revera</strong></span> <span class='ocrx_word' id='word_1_306' title='bbox 332 876 390 904; x_wconf 85' lang='lat' dir='ltr'><strong>BC.</strong></span> <span class='ocrx_word' id='word_1_307' title='bbox 411 890 448 895; x_wconf 95' lang='lat'><strong>-—</strong></span> <span class='ocrx_word' id='word_1_308' title='bbox 469 876 526 904; x_wconf 90' lang='lat' dir='ltr'>Str.</span> <span class='ocrx_word' id='word_1_309' title='bbox 548 874 584 902; x_wconf 87' lang='lat'><strong>75</strong></span> <span class='ocrx_word' id='word_1_310' title='bbox 604 876 678 903; x_wconf 79' lang='lat' dir='ltr'><strong>fehlt</strong></span> <span class='ocrx_word' id='word_1_311' title='bbox 700 875 732 909; x_wconf 89' lang='lat' dir='ltr'><strong>Q.</strong></span> <span class='ocrx_word' id='word_1_312' title='bbox 755 889 792 894; x_wconf 91' lang='lat'><strong>—-</strong></span> <span class='ocrx_word' id='word_1_313' title='bbox 814 874 858 909; x_wconf 89' lang='lat'><strong>76,</strong></span> <span class='ocrx_word' id='word_1_314' title='bbox 882 876 896 904; x_wconf 93' lang='lat'>1</span> <span class='ocrx_word' id='word_1_315' title='bbox 919 876 943 904; x_wconf 95' lang='grc' dir='ltr'>Ο</span> <span class='ocrx_word' id='word_1_316' title='bbox 963 879 995 904; x_wconf 90' lang='lat' dir='ltr'><strong>tu</strong></span> <span class='ocrx_word' id='word_1_317' title='bbox 1015 877 1113 905; x_wconf 81' lang='lat' dir='ltr'><strong>David</strong></span> <span class='ocrx_word' id='word_1_318' title='bbox 1128 878 1161 912; x_wconf 93' lang='lat' dir='ltr'><strong>Q.</strong></span> <span class='ocrx_word' id='word_1_319' title='bbox 1176 893 1213 898; x_wconf 85' lang='lat'><strong>—</strong></span> <span class='ocrx_word' id='word_1_320' title='bbox 1228 877 1273 912; x_wconf 92' lang='lat'><strong>76,</strong></span> <span class='ocrx_word' id='word_1_321' title='bbox 1286 876 1306 905; x_wconf 87' lang='lat'>4</span> <span class='ocrx_word' id='word_1_322' title='bbox 1326 879 1456 906; x_wconf 86' lang='lat' dir='ltr'><strong>omnium</strong></span> 
     </span>
     <span class='ocr_line' id='line_1_20' title="bbox 144 912 1456 951; baseline 0.002 -10"><span class='ocrx_word' id='word_1_323' title='bbox 144 914 342 949; x_wconf 72' lang='lat' dir='ltr'><strong>pulcherrima</strong></span> <span class='ocrx_word' id='word_1_324' title='bbox 363 915 396 948; x_wconf 90' lang='lat' dir='ltr'><strong>Q.</strong></span> <span class='ocrx_word' id='word_1_325' title='bbox 423 928 460 932; x_wconf 81' lang='lat'>—</span> <span class='ocrx_word' id='word_1_326' title='bbox 485 913 538 948; x_wconf 89' lang='lat'><strong>77,</strong></span> <span class='ocrx_word' id='word_1_327' title='bbox 560 912 576 940; x_wconf 84' lang='lat'>1</span> <span class='ocrx_word' id='word_1_328' title='bbox 598 922 641 949; x_wconf 89' lang='lat' dir='ltr'><strong>sq.</strong></span> <span class='ocrx_word' id='word_1_329' title='bbox 662 913 751 949; x_wconf 83' lang='lat' dir='ltr'><strong>plena</strong></span> <span class='ocrx_word' id='word_1_330' title='bbox 769 913 844 940; x_wconf 84' lang='lat' dir='ltr'><strong>fehlt</strong></span> <span class='ocrx_word' id='word_1_331' title='bbox 862 915 904 950; x_wconf 84' lang='lat' dir='ltr'><strong>A3</strong></span> <span class='ocrx_word' id='word_1_332' title='bbox 928 916 1003 942; x_wconf 87' lang='lat' dir='ltr'><strong>roris</strong></span> <span class='ocrx_word' id='word_1_333' title='bbox 1023 915 1112 951; x_wconf 82' lang='lat' dir='ltr'><strong>plena</strong></span> <span class='ocrx_word' id='word_1_334' title='bbox 1132 916 1166 950; x_wconf 92' lang='lat' dir='ltr'><strong>Q.</strong></span> <span class='ocrx_word' id='word_1_335' title='bbox 1186 931 1224 935; x_wconf 85' lang='lat'><strong>—</strong></span> <span class='ocrx_word' id='word_1_336' title='bbox 1246 914 1292 950; x_wconf 85' lang='lat'><strong>77,</strong></span> <span class='ocrx_word' id='word_1_337' title='bbox 1313 914 1332 943; x_wconf 80' lang='lat'><strong>3</strong></span> <span class='ocrx_word' id='word_1_338' title='bbox 1354 916 1456 944; x_wconf 81' lang='lat' dir='ltr'><strong>Caelos</strong></span> 
     </span>
     <span class='ocr_line' id='line_1_21' title="bbox 141 949 1457 989; baseline 0.002 -10"><span class='ocrx_word' id='word_1_339' title='bbox 141 953 243 989; x_wconf 83' lang='lat' dir='ltr'><strong>rigans</strong></span> <span class='ocrx_word' id='word_1_340' title='bbox 264 952 298 986; x_wconf 87' lang='lat' dir='ltr'><strong>Q.</strong></span> <span class='ocrx_word' id='word_1_341' title='bbox 328 967 368 970; x_wconf 97' lang='lat'><strong>—</strong></span> <span class='ocrx_word' id='word_1_342' title='bbox 392 950 428 979; x_wconf 93' lang='lat'><strong>77</strong></span> <span class='ocrx_word' id='word_1_343' title='bbox 436 971 443 985; x_wconf 95' lang='lat'><strong>,</strong></span> <span class='ocrx_word' id='word_1_344' title='bbox 462 949 481 979; x_wconf 90' lang='lat'>8</span> <span class='ocrx_word' id='word_1_345' title='bbox 507 952 585 979; x_wconf 85' lang='lat' dir='ltr'><strong>laete</strong></span> <span class='ocrx_word' id='word_1_346' title='bbox 611 952 727 987; x_wconf 79' lang='lat' dir='ltr'><strong>suscipe</strong></span> <span class='ocrx_word' id='word_1_347' title='bbox 748 952 781 986; x_wconf 90' lang='lat' dir='ltr'><strong>Q.</strong></span> <span class='ocrx_word' id='word_1_348' title='bbox 804 965 839 970; x_wconf 88' lang='lat'><em>-</em></span> <span class='ocrx_word' id='word_1_349' title='bbox 861 951 905 987; x_wconf 91' lang='lat'><strong>79,</strong></span> <span class='ocrx_word' id='word_1_350' title='bbox 929 950 947 978; x_wconf 90' lang='lat'>2</span> <span class='ocrx_word' id='word_1_351' title='bbox 967 954 1019 989; x_wconf 84' lang='lat' dir='ltr'><strong>qui</strong></span> <span class='ocrx_word' id='word_1_352' title='bbox 1038 955 1122 981; x_wconf 82' lang='lat' dir='ltr'><strong>tanta</strong></span> <span class='ocrx_word' id='word_1_353' title='bbox 1142 953 1238 981; x_wconf 85' lang='lat' dir='ltr'><strong>abluis</strong></span> <span class='ocrx_word' id='word_1_354' title='bbox 1260 954 1294 987; x_wconf 89' lang='lat' dir='ltr'><strong>Q.</strong></span> <span class='ocrx_word' id='word_1_355' title='bbox 1314 969 1353 973; x_wconf 97' lang='lat'><strong>—</strong></span> <span class='ocrx_word' id='word_1_356' title='bbox 1373 952 1419 988; x_wconf 87' lang='lat'><strong>79,</strong></span> <span class='ocrx_word' id='word_1_357' title='bbox 1440 952 1457 982; x_wconf 75' lang='lat'><strong>3</strong></span> 
     </span>
     <span class='ocr_line' id='line_1_22' title="bbox 140 987 1455 1028; baseline 0.002 -11"><span class='ocrx_word' id='word_1_358' title='bbox 140 990 246 1017; x_wconf 85' lang='lat' dir='ltr'><strong>lavans</strong></span> <span class='ocrx_word' id='word_1_359' title='bbox 266 991 303 1023; x_wconf 80' lang='lat' dir='ltr'><strong>A;</strong></span> <span class='ocrx_word' id='word_1_360' title='bbox 331 990 454 1018; x_wconf 87' lang='lat' dir='ltr'><strong>Nullum</strong></span> <span class='ocrx_word' id='word_1_361' title='bbox 481 991 631 1017; x_wconf 86' lang='lat' dir='ltr'><strong>sitientem</strong></span> <span class='ocrx_word' id='word_1_362' title='bbox 650 988 684 1022; x_wconf 88' lang='lat' dir='ltr'><strong>Q.</strong></span> <span class='ocrx_word' id='word_1_363' title='bbox 712 1004 750 1008; x_wconf 89' lang='lat'><strong>—</strong></span> <span class='ocrx_word' id='word_1_364' title='bbox 778 987 828 1021; x_wconf 85' lang='lat'><strong>79,</strong></span> <span class='ocrx_word' id='word_1_365' title='bbox 853 988 873 1017; x_wconf 88' lang='grc'>4</span> <span class='ocrx_word' id='word_1_366' title='bbox 899 992 929 1018; x_wconf 85' lang='lat' dir='ltr'><strong>et</strong></span> <span class='ocrx_word' id='word_1_367' title='bbox 953 993 1099 1018; x_wconf 88' lang='lat' dir='ltr'><strong>neminem</strong></span> <span class='ocrx_word' id='word_1_368' title='bbox 1119 993 1157 1025; x_wconf 57' lang='grc' dir='ltr'><strong>Α,</strong></span> <span class='ocrx_word' id='word_1_369' title='bbox 1184 995 1213 1019; x_wconf 90' lang='lat' dir='ltr'><strong>te</strong></span> <span class='ocrx_word' id='word_1_370' title='bbox 1233 994 1347 1028; x_wconf 80' lang='lat' dir='ltr'><strong>respuis</strong></span> <span class='ocrx_word' id='word_1_371' title='bbox 1365 993 1399 1026; x_wconf 87' lang='lat' dir='ltr'><strong>Q.</strong></span> <span class='ocrx_word' id='word_1_372' title='bbox 1420 1007 1455 1011; x_wconf 92' lang='lat'><strong>—-</strong></span> 
     </span>
     <span class='ocr_line' id='line_1_23' title="bbox 142 1025 1457 1066; baseline 0.001 -11"><span class='ocrx_word' id='word_1_373' title='bbox 142 1026 196 1062; x_wconf 88' lang='lat'><strong>79,</strong></span> <span class='ocrx_word' id='word_1_374' title='bbox 219 1026 238 1055; x_wconf 84' lang='lat'>6</span> <span class='ocrx_word' id='word_1_375' title='bbox 264 1028 389 1056; x_wconf 77' lang='lat' dir='ltr'><strong>extende</strong></span> <span class='ocrx_word' id='word_1_376' title='bbox 411 1030 536 1056; x_wconf 77' lang='lat' dir='ltr'><strong>mortuis</strong></span> <span class='ocrx_word' id='word_1_377' title='bbox 557 1027 615 1061; x_wconf 84' lang='lat' dir='ltr'><strong>OQ.</strong></span> <span class='ocrx_word' id='word_1_378' title='bbox 643 1041 682 1047; x_wconf 75' lang='lat'><strong>—-</strong></span> <span class='ocrx_word' id='word_1_379' title='bbox 709 1025 755 1063; x_wconf 89' lang='lat'><strong>79,</strong></span> <span class='ocrx_word' id='word_1_380' title='bbox 777 1025 793 1053; x_wconf 89' lang='grc'>7</span> <span class='ocrx_word' id='word_1_381' title='bbox 815 1028 869 1054; x_wconf 83' lang='lat' dir='ltr'><strong>sub</strong></span> <span class='ocrx_word' id='word_1_382' title='bbox 889 1029 993 1064; x_wconf 80' lang='lat' dir='ltr'><strong>poenis</strong></span> <span class='ocrx_word' id='word_1_383' title='bbox 1014 1029 1048 1062; x_wconf 88' lang='lat' dir='ltr'><strong>Q.</strong></span> <span class='ocrx_word' id='word_1_384' title='bbox 1068 1043 1106 1047; x_wconf 88' lang='lat'><strong>-—</strong></span> <span class='ocrx_word' id='word_1_385' title='bbox 1127 1027 1172 1062; x_wconf 69' lang='lat'>(30,</span> <span class='ocrx_word' id='word_1_386' title='bbox 1195 1028 1212 1056; x_wconf 92' lang='grc'>5</span> <span class='ocrx_word' id='word_1_387' title='bbox 1232 1039 1276 1064; x_wconf 82' lang='lat' dir='ltr'><strong>sq.</strong></span> <span class='ocrx_word' id='word_1_388' title='bbox 1295 1031 1356 1057; x_wconf 82' lang='lat' dir='ltr'><strong>und</strong></span> <span class='ocrx_word' id='word_1_389' title='bbox 1375 1030 1393 1058; x_wconf 93' lang='lat'>7</span> <span class='ocrx_word' id='word_1_390' title='bbox 1414 1039 1457 1066; x_wconf 86' lang='lat' dir='ltr'><strong>sq.</strong></span> 
     </span>
     <span class='ocr_line' id='line_1_24' title="bbox 141 1063 1457 1104; baseline 0.002 -11"><span class='ocrx_word' id='word_1_391' title='bbox 141 1067 311 1102; x_wconf 85' lang='lat' dir='ltr'><strong>umgestellt</strong></span> <span class='ocrx_word' id='word_1_392' title='bbox 333 1066 367 1100; x_wconf 91' lang='lat' dir='ltr'><strong>Q.</strong></span> <span class='ocrx_word' id='word_1_393' title='bbox 392 1080 432 1086; x_wconf 84' lang='lat'><strong>—-</strong></span> <span class='ocrx_word' id='word_1_394' title='bbox 457 1063 508 1100; x_wconf 91' lang='lat'><strong>81,</strong></span> <span class='ocrx_word' id='word_1_395' title='bbox 530 1064 548 1094; x_wconf 87' lang='lat'><strong>3</strong></span> <span class='ocrx_word' id='word_1_396' title='bbox 568 1065 653 1093; x_wconf 83' lang='lat' dir='ltr'><strong>Nunc</strong></span> <span class='ocrx_word' id='word_1_397' title='bbox 682 1065 770 1092; x_wconf 81' lang='lat' dir='ltr'><strong>beata</strong></span> <span class='ocrx_word' id='word_1_398' title='bbox 791 1063 824 1096; x_wconf 89' lang='lat' dir='ltr'><strong>Q.</strong></span> <span class='ocrx_word' id='word_1_399' title='bbox 853 1081 890 1086; x_wconf 85' lang='lat'>—</span> <span class='ocrx_word' id='word_1_400' title='bbox 915 1063 961 1099; x_wconf 86' lang='lat'><strong>81,</strong></span> <span class='ocrx_word' id='word_1_401' title='bbox 983 1066 1000 1093; x_wconf 92' lang='grc'>7</span> <span class='ocrx_word' id='word_1_402' title='bbox 1019 1065 1104 1094; x_wconf 87' lang='lat' dir='ltr'><strong>Educ</strong></span> <span class='ocrx_word' id='word_1_403' title='bbox 1123 1075 1177 1095; x_wconf 89' lang='lat' dir='ltr'><strong>nos</strong></span> <span class='ocrx_word' id='word_1_404' title='bbox 1199 1068 1232 1101; x_wconf 91' lang='lat' dir='ltr'><strong>Q.</strong></span> <span class='ocrx_word' id='word_1_405' title='bbox 1273 1086 1289 1088; x_wconf 23' lang='grc' dir='ltr'><strong>»κ</strong></span> <span class='ocrx_word' id='word_1_406' title='bbox 1310 1065 1355 1101; x_wconf 86' lang='grc'><strong>82,</strong></span> <span class='ocrx_word' id='word_1_407' title='bbox 1377 1068 1394 1095; x_wconf 92' lang='grc'>7</span> <span class='ocrx_word' id='word_1_408' title='bbox 1415 1077 1457 1104; x_wconf 89' lang='lat' dir='ltr'><strong>sq.</strong></span> 
     </span>
     <span class='ocr_line' id='line_1_25' title="bbox 142 1102 1459 1140; baseline 0.001 -8"><span class='ocrx_word' id='word_1_409' title='bbox 142 1104 264 1139; x_wconf 82' lang='lat' dir='ltr'><strong>Semper</strong></span> <span class='ocrx_word' id='word_1_410' title='bbox 291 1112 375 1133; x_wconf 86' lang='lat' dir='ltr'><strong>orare</strong></span> <span class='ocrx_word' id='word_1_411' title='bbox 401 1107 484 1132; x_wconf 85' lang='lat' dir='ltr'><strong>tuum</strong></span> <span class='ocrx_word' id='word_1_412' title='bbox 503 1105 545 1140; x_wconf 69' lang='lat' dir='ltr'><strong>A}</strong></span> <span class='ocrx_word' id='word_1_413' title='bbox 570 1103 697 1131; x_wconf 83' lang='lat' dir='ltr'><strong>Assidue</strong></span> <span class='ocrx_word' id='word_1_414' title='bbox 724 1103 880 1139; x_wconf 84' lang='lat' dir='ltr'><strong>deprecare</strong></span> <span class='ocrx_word' id='word_1_415' title='bbox 905 1102 999 1131; x_wconf 88' lang='lat' dir='ltr'><strong>filium</strong></span> <span class='ocrx_word' id='word_1_416' title='bbox 1021 1104 1054 1138; x_wconf 88' lang='lat' dir='ltr'><strong>Q.</strong></span> <span class='ocrx_word' id='word_1_417' title='bbox 1081 1119 1120 1124; x_wconf 86' lang='lat'>—</span> <span class='ocrx_word' id='word_1_418' title='bbox 1143 1102 1196 1139; x_wconf 76' lang='lat'><strong>83,</strong></span> <span class='ocrx_word' id='word_1_419' title='bbox 1214 1104 1235 1133; x_wconf 90' lang='lat'>4</span> <span class='ocrx_word' id='word_1_420' title='bbox 1255 1106 1347 1133; x_wconf 85' lang='lat' dir='ltr'><strong>visita</strong></span> <span class='ocrx_word' id='word_1_421' title='bbox 1367 1107 1401 1140; x_wconf 92' lang='lat' dir='ltr'><strong>Q.</strong></span> <span class='ocrx_word' id='word_1_422' title='bbox 1420 1121 1459 1124; x_wconf 47' lang='lat' dir='ltr'><strong>f</strong></span> 
     </span>
     <span class='ocr_line' id='line_1_26' title="bbox 140 1138 1458 1179; baseline 0 -9"><span class='ocrx_word' id='word_1_423' title='bbox 140 1140 190 1177; x_wconf 82' lang='lat'><strong>84,</strong></span> <span class='ocrx_word' id='word_1_424' title='bbox 210 1141 231 1170; x_wconf 90' lang='lat'>4</span> <span class='ocrx_word' id='word_1_425' title='bbox 257 1144 381 1170; x_wconf 84' lang='lat' dir='ltr'><strong>astricta</strong></span> <span class='ocrx_word' id='word_1_426' title='bbox 403 1143 479 1170; x_wconf 83' lang='lat' dir='ltr'><strong>ratio</strong></span> <span class='ocrx_word' id='word_1_427' title='bbox 501 1142 536 1176; x_wconf 92' lang='lat' dir='ltr'><strong>Q.</strong></span> <span class='ocrx_word' id='word_1_428' title='bbox 562 1157 599 1161; x_wconf 86' lang='lat'><strong>——</strong></span> <span class='ocrx_word' id='word_1_429' title='bbox 625 1139 675 1175; x_wconf 88' lang='lat'><strong>85,</strong></span> <span class='ocrx_word' id='word_1_430' title='bbox 697 1138 714 1169; x_wconf 87' lang='lat'><strong>3</strong></span> <span class='ocrx_word' id='word_1_431' title='bbox 742 1142 815 1169; x_wconf 83' lang='lat' dir='ltr'><strong>Dies</strong></span> <span class='ocrx_word' id='word_1_432' title='bbox 843 1142 922 1170; x_wconf 82' lang='lat' dir='ltr'><strong>mala</strong></span> <span class='ocrx_word' id='word_1_433' title='bbox 941 1141 976 1169; x_wconf 92' lang='lat' dir='ltr'><strong>A.</strong></span> <span class='ocrx_word' id='word_1_434' title='bbox 1003 1156 1039 1161; x_wconf 90' lang='lat'><strong>—-</strong></span> <span class='ocrx_word' id='word_1_435' title='bbox 1066 1139 1112 1177; x_wconf 87' lang='lat'><strong>85,</strong></span> <span class='ocrx_word' id='word_1_436' title='bbox 1135 1141 1151 1170; x_wconf 88' lang='lat'>6</span> <span class='ocrx_word' id='word_1_437' title='bbox 1179 1152 1293 1179; x_wconf 77' lang='lat' dir='ltr'><strong>semper</strong></span> <span class='ocrx_word' id='word_1_438' title='bbox 1320 1144 1458 1172; x_wconf 79' lang='lat' dir='ltr'><strong>amabilis</strong></span> 
     </span>
     <span class='ocr_line' id='line_1_27' title="bbox 143 1176 1457 1216; baseline 0.001 -9"><span class='ocrx_word' id='word_1_439' title='bbox 143 1181 177 1214; x_wconf 92' lang='lat' dir='ltr'><strong>Q.</strong></span> <span class='ocrx_word' id='word_1_440' title='bbox 200 1196 236 1200; x_wconf 87' lang='lat'>—</span> <span class='ocrx_word' id='word_1_441' title='bbox 257 1178 305 1216; x_wconf 92' lang='lat'><strong>85,</strong></span> <span class='ocrx_word' id='word_1_442' title='bbox 328 1179 345 1206; x_wconf 94' lang='lat'>7</span> <span class='ocrx_word' id='word_1_443' title='bbox 365 1181 433 1214; x_wconf 86' lang='lat' dir='ltr'>Fac,</span> <span class='ocrx_word' id='word_1_444' title='bbox 455 1182 489 1207; x_wconf 87' lang='lat' dir='ltr'><strong>ut</strong></span> <span class='ocrx_word' id='word_1_445' title='bbox 509 1181 550 1207; x_wconf 87' lang='lat' dir='ltr'><strong>sit</strong></span> <span class='ocrx_word' id='word_1_446' title='bbox 567 1178 601 1205; x_wconf 86' lang='lat' dir='ltr'><strong>A.</strong></span> <span class='ocrx_word' id='word_1_447' title='bbox 642 1196 660 1200; x_wconf 91' lang='lat'><em>-</em></span> <span class='ocrx_word' id='word_1_448' title='bbox 680 1176 726 1213; x_wconf 93' lang='lat'><strong>87,</strong></span> <span class='ocrx_word' id='word_1_449' title='bbox 744 1178 759 1207; x_wconf 92' lang='lat'>1</span> <span class='ocrx_word' id='word_1_450' title='bbox 780 1188 823 1215; x_wconf 88' lang='lat' dir='ltr'><strong>sq.</strong></span> <span class='ocrx_word' id='word_1_451' title='bbox 836 1179 896 1207; x_wconf 82' lang='lat' dir='ltr'><strong>Illa</strong></span> <span class='ocrx_word' id='word_1_452' title='bbox 912 1179 959 1207; x_wconf 85' lang='lat' dir='ltr'><strong>die</strong></span> <span class='ocrx_word' id='word_1_453' title='bbox 978 1182 1072 1208; x_wconf 80' lang='lat' dir='ltr'><strong>mater</strong></span> <span class='ocrx_word' id='word_1_454' title='bbox 1091 1181 1194 1208; x_wconf 87' lang='lat' dir='ltr'><strong>iudicii</strong></span> <span class='ocrx_word' id='word_1_455' title='bbox 1215 1182 1248 1216; x_wconf 91' lang='lat' dir='ltr'><strong>Q.</strong></span> <span class='ocrx_word' id='word_1_456' title='bbox 1263 1196 1294 1201; x_wconf 84' lang='lat'><strong>--</strong></span> <span class='ocrx_word' id='word_1_457' title='bbox 1313 1179 1359 1216; x_wconf 89' lang='lat'><strong>87,</strong></span> <span class='ocrx_word' id='word_1_458' title='bbox 1375 1181 1392 1210; x_wconf 94' lang='lat'><strong>5</strong></span> <span class='ocrx_word' id='word_1_459' title='bbox 1416 1190 1457 1216; x_wconf 85' lang='lat' dir='ltr'><strong>sq.</strong></span> 
     </span>
     <span class='ocr_line' id='line_1_28' title="bbox 140 1215 1458 1254; baseline 0.001 -8"><span class='ocrx_word' id='word_1_460' title='bbox 140 1219 190 1246; x_wconf 82' lang='lat' dir='ltr'><strong>Da</strong></span> <span class='ocrx_word' id='word_1_461' title='bbox 209 1219 295 1246; x_wconf 89' lang='lat' dir='ltr'><strong>nobis</strong></span> <span class='ocrx_word' id='word_1_462' title='bbox 316 1219 359 1245; x_wconf 88' lang='lat' dir='ltr'><strong>sic</strong></span> <span class='ocrx_word' id='word_1_463' title='bbox 378 1220 438 1246; x_wconf 87' lang='lat' dir='ltr'><strong>iam</strong></span> <span class='ocrx_word' id='word_1_464' title='bbox 459 1218 571 1245; x_wconf 88' lang='lat' dir='ltr'><strong>conteri</strong></span> <span class='ocrx_word' id='word_1_465' title='bbox 593 1217 626 1251; x_wconf 91' lang='lat' dir='ltr'><strong>Q.</strong></span> <span class='ocrx_word' id='word_1_466' title='bbox 646 1232 685 1237; x_wconf 92' lang='lat'><strong>—-</strong></span> <span class='ocrx_word' id='word_1_467' title='bbox 707 1215 759 1252; x_wconf 90' lang='lat'><strong>87,</strong></span> <span class='ocrx_word' id='word_1_468' title='bbox 781 1215 798 1244; x_wconf 95' lang='lat'>7</span> <span class='ocrx_word' id='word_1_469' title='bbox 819 1225 861 1254; x_wconf 91' lang='lat' dir='ltr'><strong>sq.</strong></span> <span class='ocrx_word' id='word_1_470' title='bbox 882 1219 925 1246; x_wconf 92' lang='lat' dir='ltr'><strong>Ut</strong></span> <span class='ocrx_word' id='word_1_471' title='bbox 943 1220 1013 1246; x_wconf 88' lang='lat' dir='ltr'><strong>tunc</strong></span> <span class='ocrx_word' id='word_1_472' title='bbox 1032 1217 1136 1246; x_wconf 88' lang='lat' dir='ltr'><strong>fiamus</strong></span> <span class='ocrx_word' id='word_1_473' title='bbox 1157 1219 1244 1247; x_wconf 85' lang='lat' dir='ltr'><strong>liberi</strong></span> <span class='ocrx_word' id='word_1_474' title='bbox 1266 1219 1300 1253; x_wconf 87' lang='lat' dir='ltr'><strong>Q.</strong></span> <span class='ocrx_word' id='word_1_475' title='bbox 1320 1235 1358 1240; x_wconf 85' lang='lat'><strong>—</strong></span> <span class='ocrx_word' id='word_1_476' title='bbox 1378 1217 1424 1254; x_wconf 88' lang='lat'><strong>88,</strong></span> <span class='ocrx_word' id='word_1_477' title='bbox 1441 1219 1458 1247; x_wconf 88' lang='grc'>2</span> 
     </span>
     <span class='ocr_line' id='line_1_29' title="bbox 140 1254 1458 1292; baseline 0.001 -8"><span class='ocrx_word' id='word_1_478' title='bbox 140 1257 241 1285; x_wconf 83' lang='lat' dir='ltr'><strong>veniet</strong></span> <span class='ocrx_word' id='word_1_479' title='bbox 261 1257 295 1291; x_wconf 92' lang='lat' dir='ltr'><strong>Q.</strong></span> <span class='ocrx_word' id='word_1_480' title='bbox 324 1271 363 1275; x_wconf 97' lang='lat'><strong>—</strong></span> <span class='ocrx_word' id='word_1_481' title='bbox 391 1254 437 1291; x_wconf 90' lang='lat'><strong>88,</strong></span> <span class='ocrx_word' id='word_1_482' title='bbox 461 1254 478 1283; x_wconf 93' lang='lat'><strong>5</strong></span> <span class='ocrx_word' id='word_1_483' title='bbox 498 1256 753 1292; x_wconf 84' lang='lat' dir='ltr'><strong>Personarumque</strong></span> <span class='ocrx_word' id='word_1_484' title='bbox 771 1257 813 1290; x_wconf 73' lang='lat' dir='ltr'><strong>A,</strong></span> <span class='ocrx_word' id='word_1_485' title='bbox 833 1256 952 1284; x_wconf 80' lang='lat' dir='ltr'><strong>Nullam</strong></span> <span class='ocrx_word' id='word_1_486' title='bbox 972 1265 1162 1290; x_wconf 80' lang='lat' dir='ltr'><strong>personarum</strong></span> <span class='ocrx_word' id='word_1_487' title='bbox 1184 1257 1217 1291; x_wconf 88' lang='lat' dir='ltr'><strong>Q.</strong></span> <span class='ocrx_word' id='word_1_488' title='bbox 1238 1274 1243 1277; x_wconf 99' lang='lat'>-</span> <span class='ocrx_word' id='word_1_489' title='bbox 1296 1255 1341 1291; x_wconf 88' lang='lat'><strong>88,</strong></span> <span class='ocrx_word' id='word_1_490' title='bbox 1363 1258 1380 1286; x_wconf 94' lang='lat'>7</span> <span class='ocrx_word' id='word_1_491' title='bbox 1401 1257 1458 1286; x_wconf 85' lang='lat' dir='ltr'><strong>Sed</strong></span> 
     </span>
     <span class='ocr_line' id='line_1_30' title="bbox 142 1291 1460 1331; baseline 0.001 -8"><span class='ocrx_word' id='word_1_492' title='bbox 142 1295 277 1330; x_wconf 85' lang='lat' dir='ltr'><strong>singulos</strong></span> <span class='ocrx_word' id='word_1_493' title='bbox 299 1294 334 1328; x_wconf 89' lang='lat' dir='ltr'><strong>Q.</strong></span> <span class='ocrx_word' id='word_1_494' title='bbox 361 1309 399 1314; x_wconf 93' lang='lat'><strong>—</strong></span> <span class='ocrx_word' id='word_1_495' title='bbox 423 1292 474 1328; x_wconf 92' lang='lat'><strong>89,</strong></span> <span class='ocrx_word' id='word_1_496' title='bbox 494 1291 512 1322; x_wconf 87' lang='lat'>3</span> <span class='ocrx_word' id='word_1_497' title='bbox 534 1293 657 1327; x_wconf 81' lang='lat' dir='ltr'>Quando</span> <span class='ocrx_word' id='word_1_498' title='bbox 684 1294 795 1321; x_wconf 86' lang='lat' dir='ltr'><strong>nemini</strong></span> <span class='ocrx_word' id='word_1_499' title='bbox 816 1293 850 1320; x_wconf 93' lang='lat' dir='ltr'><strong>A.</strong></span> <span class='ocrx_word' id='word_1_500' title='bbox 875 1309 914 1313; x_wconf 87' lang='lat'><em>-</em></span> <span class='ocrx_word' id='word_1_501' title='bbox 940 1293 996 1322; x_wconf 86' lang='lat' dir='ltr'>Str.</span> <span class='ocrx_word' id='word_1_502' title='bbox 1024 1292 1061 1323; x_wconf 87' lang='lat'><strong>89</strong></span> <span class='ocrx_word' id='word_1_503' title='bbox 1070 1316 1077 1330; x_wconf 96' lang='lat'><strong>,</strong></span> <span class='ocrx_word' id='word_1_504' title='bbox 1109 1293 1158 1330; x_wconf 87' lang='lat'><strong>90,</strong></span> <span class='ocrx_word' id='word_1_505' title='bbox 1186 1294 1220 1323; x_wconf 88' lang='lat'>91</span> <span class='ocrx_word' id='word_1_506' title='bbox 1247 1296 1344 1324; x_wconf 88' lang='lat' dir='ltr'><strong>fehlen</strong></span> <span class='ocrx_word' id='word_1_507' title='bbox 1365 1298 1399 1331; x_wconf 91' lang='lat' dir='ltr'><strong>Q.</strong></span> <span class='ocrx_word' id='word_1_508' title='bbox 1422 1312 1460 1316; x_wconf 87' lang='lat'>—</span> 
     </span>
     <span class='ocr_line' id='line_1_31' title="bbox 143 1330 1460 1369; baseline 0.001 -9"><span class='ocrx_word' id='word_1_509' title='bbox 143 1331 194 1367; x_wconf 90' lang='lat'><strong>91,</strong></span> <span class='ocrx_word' id='word_1_510' title='bbox 216 1330 234 1360; x_wconf 90' lang='lat'><strong>3</strong></span> <span class='ocrx_word' id='word_1_511' title='bbox 253 1333 312 1361; x_wconf 88' lang='lat' dir='ltr'><strong>Pro</strong></span> <span class='ocrx_word' id='word_1_512' title='bbox 338 1333 468 1368; x_wconf 83' lang='lat' dir='ltr'><strong>peccatis</strong></span> <span class='ocrx_word' id='word_1_513' title='bbox 491 1332 521 1359; x_wconf 81' lang='lat' dir='ltr'><strong>C.</strong></span> <span class='ocrx_word' id='word_1_514' title='bbox 547 1346 584 1350; x_wconf 91' lang='lat'>—</span> <span class='ocrx_word' id='word_1_515' title='bbox 614 1330 666 1367; x_wconf 88' lang='lat'><strong>92,</strong></span> <span class='ocrx_word' id='word_1_516' title='bbox 690 1330 703 1359; x_wconf 96' lang='lat'>1</span> <span class='ocrx_word' id='word_1_517' title='bbox 724 1333 808 1360; x_wconf 87' lang='lat' dir='ltr'><strong>Tunc</strong></span> <span class='ocrx_word' id='word_1_518' title='bbox 826 1333 919 1367; x_wconf 81' lang='lat' dir='ltr'><strong>igitur</strong></span> <span class='ocrx_word' id='word_1_519' title='bbox 937 1332 980 1367; x_wconf 74' lang='lat' dir='ltr'><strong>A,</strong></span> <span class='ocrx_word' id='word_1_520' title='bbox 1006 1333 1030 1361; x_wconf 94' lang='lat' dir='ltr'>O</span> <span class='ocrx_word' id='word_1_521' title='bbox 1050 1336 1142 1361; x_wconf 87' lang='lat' dir='ltr'><strong>mater</strong></span> <span class='ocrx_word' id='word_1_522' title='bbox 1163 1334 1196 1367; x_wconf 94' lang='lat' dir='ltr'><strong>Q.</strong></span> <span class='ocrx_word' id='word_1_523' title='bbox 1220 1350 1255 1354; x_wconf 90' lang='lat'><strong>—</strong></span> <span class='ocrx_word' id='word_1_524' title='bbox 1276 1332 1320 1369; x_wconf 89' lang='lat'><strong>92,</strong></span> <span class='ocrx_word' id='word_1_525' title='bbox 1345 1333 1362 1361; x_wconf 93' lang='grc'>2</span> <span class='ocrx_word' id='word_1_526' title='bbox 1383 1343 1460 1363; x_wconf 85' lang='lat' dir='ltr'><strong>nune</strong></span> 
     </span>
     <span class='ocr_line' id='line_1_32' title="bbox 142 1368 1459 1407; baseline 0.001 -9"><span class='ocrx_word' id='word_1_527' title='bbox 142 1371 276 1399; x_wconf 85' lang='lat' dir='ltr'><strong>accelera</strong></span> <span class='ocrx_word' id='word_1_528' title='bbox 295 1370 330 1404; x_wconf 88' lang='lat' dir='ltr'><strong>Q.</strong></span> <span class='ocrx_word' id='word_1_529' title='bbox 361 1386 393 1390; x_wconf 97' lang='lat'><strong>—</strong></span> <span class='ocrx_word' id='word_1_530' title='bbox 422 1368 476 1405; x_wconf 87' lang='lat'><strong>92,</strong></span> <span class='ocrx_word' id='word_1_531' title='bbox 497 1371 514 1398; x_wconf 92' lang='lat'>7</span> <span class='ocrx_word' id='word_1_532' title='bbox 545 1378 589 1405; x_wconf 86' lang='lat' dir='ltr'><strong>sq.</strong></span> <span class='ocrx_word' id='word_1_533' title='bbox 610 1370 652 1397; x_wconf 87' lang='lat' dir='ltr'><strong>Et</strong></span> <span class='ocrx_word' id='word_1_534' title='bbox 677 1370 800 1397; x_wconf 88' lang='lat' dir='ltr'><strong>eundem</strong></span> <span class='ocrx_word' id='word_1_535' title='bbox 819 1379 871 1406; x_wconf 88' lang='lat' dir='ltr'><strong>pro</strong></span> <span class='ocrx_word' id='word_1_536' title='bbox 892 1371 978 1398; x_wconf 86' lang='lat' dir='ltr'><strong>nobis</strong></span> <span class='ocrx_word' id='word_1_537' title='bbox 998 1371 1133 1407; x_wconf 82' lang='lat' dir='ltr'><strong>supplica</strong></span> <span class='ocrx_word' id='word_1_538' title='bbox 1151 1372 1186 1399; x_wconf 92' lang='lat' dir='ltr'><strong>A.</strong></span> <span class='ocrx_word' id='word_1_539' title='bbox 1207 1387 1244 1392; x_wconf 84' lang='lat'>—</span> <span class='ocrx_word' id='word_1_540' title='bbox 1264 1372 1321 1401; x_wconf 86' lang='lat' dir='ltr'>Str.</span> <span class='ocrx_word' id='word_1_541' title='bbox 1343 1371 1379 1400; x_wconf 83' lang='lat'><strong>93</strong></span> <span class='ocrx_word' id='word_1_542' title='bbox 1399 1373 1459 1399; x_wconf 86' lang='lat' dir='ltr'><strong>und</strong></span> 
     </span>
     <span class='ocr_line' id='line_1_33' title="bbox 143 1406 1458 1444; baseline 0 -7"><span class='ocrx_word' id='word_1_543' title='bbox 143 1408 182 1437; x_wconf 85' lang='lat'><strong>94</strong></span> <span class='ocrx_word' id='word_1_544' title='bbox 201 1409 306 1437; x_wconf 84' lang='lat' dir='ltr'><strong>stehen</strong></span> <span class='ocrx_word' id='word_1_545' title='bbox 325 1418 380 1437; x_wconf 84' lang='lat' dir='ltr'><strong>vor</strong></span> <span class='ocrx_word' id='word_1_546' title='bbox 399 1409 458 1437; x_wconf 79' lang='lat' dir='ltr'>Str.</span> <span class='ocrx_word' id='word_1_547' title='bbox 478 1406 515 1436; x_wconf 88' lang='lat'><strong>89</strong></span> <span class='ocrx_word' id='word_1_548' title='bbox 535 1408 593 1436; x_wconf 88' lang='lat' dir='ltr'><strong>BC.</strong></span> <span class='ocrx_word' id='word_1_549' title='bbox 617 1423 654 1427; x_wconf 97' lang='lat'><strong>—</strong></span> <span class='ocrx_word' id='word_1_550' title='bbox 675 1406 722 1443; x_wconf 82' lang='lat'><strong>94,</strong></span> <span class='ocrx_word' id='word_1_551' title='bbox 741 1406 759 1436; x_wconf 80' lang='lat'><strong>3</strong></span> <span class='ocrx_word' id='word_1_552' title='bbox 781 1407 908 1436; x_wconf 85' lang='lat' dir='ltr'><strong>Cunctos</strong></span> <span class='ocrx_word' id='word_1_553' title='bbox 931 1416 1033 1436; x_wconf 84' lang='lat' dir='ltr'><strong>amans</strong></span> <span class='ocrx_word' id='word_1_554' title='bbox 1053 1410 1087 1436; x_wconf 90' lang='lat' dir='ltr'><strong>A.</strong></span> <span class='ocrx_word' id='word_1_555' title='bbox 1135 1424 1145 1428; x_wconf 97' lang='lat'><em>-</em></span> <span class='ocrx_word' id='word_1_556' title='bbox 1167 1407 1211 1444; x_wconf 82' lang='lat'><strong>94,</strong></span> <span class='ocrx_word' id='word_1_557' title='bbox 1226 1409 1246 1438; x_wconf 88' lang='lat'>4</span> <span class='ocrx_word' id='word_1_558' title='bbox 1265 1413 1295 1439; x_wconf 89' lang='lat' dir='ltr'><strong>et</strong></span> <span class='ocrx_word' id='word_1_559' title='bbox 1315 1413 1458 1439; x_wconf 86' lang='lat' dir='ltr'><strong>neminem</strong></span> 
     </span>
     <span class='ocr_line' id='line_1_34' title="bbox 141 1444 1458 1484; baseline 0 -9"><span class='ocrx_word' id='word_1_560' title='bbox 141 1448 176 1475; x_wconf 89' lang='lat' dir='ltr'><strong>A.</strong></span> <span class='ocrx_word' id='word_1_561' title='bbox 206 1462 243 1466; x_wconf 91' lang='lat'><strong>-—</strong></span> <span class='ocrx_word' id='word_1_562' title='bbox 271 1445 323 1481; x_wconf 88' lang='lat'><strong>95,</strong></span> <span class='ocrx_word' id='word_1_563' title='bbox 348 1446 362 1474; x_wconf 90' lang='lat'>1</span> <span class='ocrx_word' id='word_1_564' title='bbox 388 1447 463 1475; x_wconf 83' lang='lat' dir='ltr'><strong>fehlt</strong></span> <span class='ocrx_word' id='word_1_565' title='bbox 485 1447 518 1481; x_wconf 90' lang='lat' dir='ltr'><strong>Q.</strong></span> <span class='ocrx_word' id='word_1_566' title='bbox 547 1460 582 1465; x_wconf 92' lang='lat'>—</span> <span class='ocrx_word' id='word_1_567' title='bbox 611 1445 662 1481; x_wconf 89' lang='lat'><strong>95,</strong></span> <span class='ocrx_word' id='word_1_568' title='bbox 684 1444 702 1472; x_wconf 92' lang='lat'>2</span> <span class='ocrx_word' id='word_1_569' title='bbox 724 1447 812 1474; x_wconf 90' lang='lat' dir='ltr'><strong>elisos</strong></span> <span class='ocrx_word' id='word_1_570' title='bbox 834 1448 913 1483; x_wconf 84' lang='lat' dir='ltr'><strong>erige</strong></span> <span class='ocrx_word' id='word_1_571' title='bbox 934 1447 965 1474; x_wconf 88' lang='lat' dir='ltr'><strong>C.</strong></span> <span class='ocrx_word' id='word_1_572' title='bbox 991 1462 1022 1464; x_wconf 98' lang='lat'><strong>—</strong></span> <span class='ocrx_word' id='word_1_573' title='bbox 1044 1444 1089 1482; x_wconf 88' lang='lat'><strong>95,</strong></span> <span class='ocrx_word' id='word_1_574' title='bbox 1110 1446 1129 1475; x_wconf 90' lang='lat'>4</span> <span class='ocrx_word' id='word_1_575' title='bbox 1149 1447 1243 1484; x_wconf 81' lang='lat' dir='ltr'><strong>dirige</strong></span> <span class='ocrx_word' id='word_1_576' title='bbox 1263 1450 1293 1477; x_wconf 89' lang='lat' dir='ltr'><strong>C.</strong></span> <span class='ocrx_word' id='word_1_577' title='bbox 1318 1464 1355 1467; x_wconf 97' lang='lat'><strong>—</strong></span> <span class='ocrx_word' id='word_1_578' title='bbox 1375 1449 1458 1477; x_wconf 86' lang='lat' dir='ltr'><strong>Nach</strong></span> 
     </span>
     <span class='ocr_line' id='line_1_35' title="bbox 142 1482 1458 1522; baseline 0.001 -9"><span class='ocrx_word' id='word_1_579' title='bbox 142 1484 188 1519; x_wconf 90' lang='lat'><strong>95,</strong></span> <span class='ocrx_word' id='word_1_580' title='bbox 210 1483 228 1512; x_wconf 87' lang='lat'>6</span> <span class='ocrx_word' id='word_1_581' title='bbox 247 1486 424 1522; x_wconf 86' lang='lat' dir='ltr'><strong>Imperfeeta</strong></span> <span class='ocrx_word' id='word_1_582' title='bbox 442 1488 544 1513; x_wconf 87' lang='lat' dir='ltr'><strong>nostra</strong></span> <span class='ocrx_word' id='word_1_583' title='bbox 563 1484 671 1520; x_wconf 87' lang='lat' dir='ltr'><strong>perfice</strong></span> <span class='ocrx_word' id='word_1_584' title='bbox 690 1485 722 1518; x_wconf 81' lang='lat' dir='ltr'><strong>Q.</strong></span> <span class='ocrx_word' id='word_1_585' title='bbox 736 1500 776 1503; x_wconf 97' lang='lat'><strong>—</strong></span> <span class='ocrx_word' id='word_1_586' title='bbox 789 1482 833 1518; x_wconf 89' lang='lat'><strong>95,</strong></span> <span class='ocrx_word' id='word_1_587' title='bbox 848 1484 865 1511; x_wconf 95' lang='lat'>7</span> <span class='ocrx_word' id='word_1_588' title='bbox 887 1494 930 1520; x_wconf 91' lang='lat' dir='ltr'><strong>sq.</strong></span> <span class='ocrx_word' id='word_1_589' title='bbox 943 1485 984 1512; x_wconf 90' lang='lat' dir='ltr'><strong>Et</strong></span> <span class='ocrx_word' id='word_1_590' title='bbox 1003 1487 1047 1513; x_wconf 84' lang='lat' dir='ltr'><strong>sic</strong></span> <span class='ocrx_word' id='word_1_591' title='bbox 1067 1494 1166 1514; x_wconf 84' lang='lat' dir='ltr'><strong>omnes</strong></span> <span class='ocrx_word' id='word_1_592' title='bbox 1186 1495 1240 1514; x_wconf 91' lang='lat' dir='ltr'><strong>nos</strong></span> <span class='ocrx_word' id='word_1_593' title='bbox 1260 1490 1297 1514; x_wconf 70' lang='lat' dir='ltr'><strong>te‘</strong></span> <span class='ocrx_word' id='word_1_594' title='bbox 1309 1496 1355 1514; x_wconf 88' lang='lat' dir='ltr'><strong>um</strong></span> <span class='ocrx_word' id='word_1_595' title='bbox 1372 1488 1405 1522; x_wconf 91' lang='lat' dir='ltr'><strong>Q.</strong></span> <span class='ocrx_word' id='word_1_596' title='bbox 1422 1502 1458 1505; x_wconf 97' lang='lat'><strong>—</strong></span> 
     </span>
     <span class='ocr_line' id='line_1_36' title="bbox 143 1521 1438 1561; baseline 0 -9"><span class='ocrx_word' id='word_1_597' title='bbox 143 1524 201 1552; x_wconf 88' lang='lat' dir='ltr'>Str.</span> <span class='ocrx_word' id='word_1_598' title='bbox 221 1521 259 1551; x_wconf 88' lang='lat'><strong>96</strong></span> <span class='ocrx_word' id='word_1_599' title='bbox 279 1523 354 1552; x_wconf 87' lang='lat' dir='ltr'><strong>fehlt</strong></span> <span class='ocrx_word' id='word_1_600' title='bbox 373 1524 408 1557; x_wconf 89' lang='lat' dir='ltr'><strong>Q.</strong></span> <span class='ocrx_word' id='word_1_601' title='bbox 444 1538 464 1541; x_wconf 97' lang='lat'><strong>—</strong></span> <span class='ocrx_word' id='word_1_602' title='bbox 486 1522 532 1557; x_wconf 87' lang='lat'><strong>97,</strong></span> <span class='ocrx_word' id='word_1_603' title='bbox 555 1521 570 1549; x_wconf 90' lang='lat'>1</span> <span class='ocrx_word' id='word_1_604' title='bbox 593 1531 635 1558; x_wconf 88' lang='lat' dir='ltr'><strong>sq.</strong></span> <span class='ocrx_word' id='word_1_605' title='bbox 658 1531 789 1551; x_wconf 83' lang='lat' dir='ltr'><strong>summae</strong></span> <span class='ocrx_word' id='word_1_606' title='bbox 809 1525 903 1550; x_wconf 84' lang='lat' dir='ltr'><strong>mater</strong></span> <span class='ocrx_word' id='word_1_607' title='bbox 920 1523 952 1550; x_wconf 81' lang='lat' dir='ltr'><strong>B.</strong></span> <span class='ocrx_word' id='word_1_608' title='bbox 1030 1521 1076 1557; x_wconf 88' lang='lat'><strong>97,</strong></span> <span class='ocrx_word' id='word_1_609' title='bbox 1091 1523 1108 1550; x_wconf 95' lang='lat'>7</span> <span class='ocrx_word' id='word_1_610' title='bbox 1122 1525 1165 1552; x_wconf 88' lang='lat' dir='ltr'><strong>Ut</strong></span> <span class='ocrx_word' id='word_1_611' title='bbox 1185 1526 1256 1552; x_wconf 88' lang='lat' dir='ltr'><strong>tunc</strong></span> <span class='ocrx_word' id='word_1_612' title='bbox 1271 1526 1360 1561; x_wconf 85' lang='lat' dir='ltr'><strong>plena</strong></span> <span class='ocrx_word' id='word_1_613' title='bbox 1374 1526 1407 1559; x_wconf 91' lang='lat' dir='ltr'><strong>Q.</strong></span> <span class='ocrx_word' id='word_1_614' title='bbox 1432 1542 1438 1545; x_wconf 99' lang='lat'>-</span> 
     </span>
    </p>

    <p class='ocr_par' dir='ltr' id='par_1_3' title="bbox 140 1558 1458 1637">
     <span class='ocr_line' id='line_1_37' title="bbox 142 1558 1458 1599; baseline 0 -9"><span class='ocrx_word' id='word_1_615' title='bbox 142 1560 187 1597; x_wconf 90' lang='lat'><strong>97,</strong></span> <span class='ocrx_word' id='word_1_616' title='bbox 209 1559 227 1589; x_wconf 92' lang='lat'>8</span> <span class='ocrx_word' id='word_1_617' title='bbox 247 1562 329 1599; x_wconf 85' lang='lat' dir='ltr'><strong>regie</strong></span> <span class='ocrx_word' id='word_1_618' title='bbox 348 1563 383 1589; x_wconf 91' lang='lat' dir='ltr'><strong>A.</strong></span> <span class='ocrx_word' id='word_1_619' title='bbox 403 1576 441 1581; x_wconf 90' lang='grc'><strong>--</strong></span> <span class='ocrx_word' id='word_1_620' title='bbox 462 1559 506 1597; x_wconf 88' lang='grc'><strong>98,</strong></span> <span class='ocrx_word' id='word_1_621' title='bbox 532 1560 545 1589; x_wconf 94' lang='grc'><strong>1</strong></span> <span class='ocrx_word' id='word_1_622' title='bbox 568 1561 653 1589; x_wconf 85' lang='lat' dir='ltr'><strong>Haec</strong></span> <span class='ocrx_word' id='word_1_623' title='bbox 672 1563 797 1597; x_wconf 80' lang='lat' dir='ltr'><strong>utraque</strong></span> <span class='ocrx_word' id='word_1_624' title='bbox 815 1561 850 1588; x_wconf 89' lang='lat' dir='ltr'><strong>A.</strong></span> <span class='ocrx_word' id='word_1_625' title='bbox 871 1575 909 1580; x_wconf 84' lang='lat'><strong>—</strong></span> <span class='ocrx_word' id='word_1_626' title='bbox 929 1559 975 1595; x_wconf 90' lang='lat'><strong>99,</strong></span> <span class='ocrx_word' id='word_1_627' title='bbox 996 1558 1013 1588; x_wconf 82' lang='lat'><strong>3</strong></span> <span class='ocrx_word' id='word_1_628' title='bbox 1033 1564 1139 1589; x_wconf 83' lang='lat' dir='ltr'><strong>cuncta</strong></span> <span class='ocrx_word' id='word_1_629' title='bbox 1158 1562 1193 1589; x_wconf 94' lang='lat' dir='ltr'><strong>A.</strong></span> <span class='ocrx_word' id='word_1_630' title='bbox 1214 1577 1251 1581; x_wconf 90' lang='lat'>—</span> <span class='ocrx_word' id='word_1_631' title='bbox 1272 1561 1317 1597; x_wconf 79' lang='lat'><strong>99,</strong></span> <span class='ocrx_word' id='word_1_632' title='bbox 1332 1562 1349 1590; x_wconf 89' lang='lat'>6</span> <span class='ocrx_word' id='word_1_633' title='bbox 1370 1565 1458 1591; x_wconf 76' lang='lat' dir='ltr'><strong>beata</strong></span> 
     </span>
     <span class='ocr_line' id='line_1_38' title="bbox 140 1598 1114 1637; baseline -0.002 -9"><span class='ocrx_word' id='word_1_634' title='bbox 140 1601 257 1637; x_wconf 85' lang='lat' dir='ltr'><strong>requies</strong></span> <span class='ocrx_word' id='word_1_635' title='bbox 279 1601 313 1634; x_wconf 91' lang='lat' dir='ltr'><strong>Q.</strong></span> <span class='ocrx_word' id='word_1_636' title='bbox 333 1615 372 1619; x_wconf 90' lang='lat'>—</span> <span class='ocrx_word' id='word_1_637' title='bbox 392 1599 437 1634; x_wconf 91' lang='lat'><strong>99,</strong></span> <span class='ocrx_word' id='word_1_638' title='bbox 458 1599 475 1627; x_wconf 92' lang='lat'>7</span> <span class='ocrx_word' id='word_1_639' title='bbox 496 1608 539 1636; x_wconf 89' lang='lat' dir='ltr'><strong>sq.</strong></span> <span class='ocrx_word' id='word_1_640' title='bbox 560 1600 622 1627; x_wconf 90' lang='lat' dir='ltr'><strong>Nos</strong></span> <span class='ocrx_word' id='word_1_641' title='bbox 643 1602 692 1627; x_wconf 87' lang='lat' dir='ltr'><strong>tuo</strong></span> <span class='ocrx_word' id='word_1_642' title='bbox 714 1602 784 1627; x_wconf 87' lang='lat' dir='ltr'><strong>nato</strong></span> <span class='ocrx_word' id='word_1_643' title='bbox 805 1600 837 1626; x_wconf 92' lang='lat' dir='ltr'><strong>in</strong></span> <span class='ocrx_word' id='word_1_644' title='bbox 857 1598 947 1627; x_wconf 88' lang='lat' dir='ltr'><strong>caelis</strong></span> <span class='ocrx_word' id='word_1_645' title='bbox 968 1601 1058 1627; x_wconf 80' lang='lat' dir='ltr'><strong>saties</strong></span> <span class='ocrx_word' id='word_1_646' title='bbox 1080 1600 1114 1633; x_wconf 94' lang='lat' dir='ltr'><strong>Q.</strong></span> 
     </span>
    </p>
   </div>
   <div class='ocr_carea' id='block_1_3' title="bbox 141 1647 1459 1761">
    <p class='ocr_par' dir='ltr' id='par_1_4' title="bbox 141 1647 1459 1761">
     <span class='ocr_line' id='line_1_39' title="bbox 216 1647 1459 1684; baseline 0.001 -8"><span class='ocrx_word' id='word_1_647' title='bbox 216 1648 280 1676; x_wconf 82' lang='lat' dir='ltr'><strong>Vor</strong></span> <span class='ocrx_word' id='word_1_648' title='bbox 300 1648 365 1676; x_wconf 86' lang='lat' dir='ltr'><strong>dem</strong></span> <span class='ocrx_word' id='word_1_649' title='bbox 384 1647 493 1676; x_wconf 85' lang='lat' dir='ltr'><strong>Liede:</strong></span> <span class='ocrx_word' id='word_1_650' title='bbox 525 1648 666 1683; x_wconf 81' lang='lat' dir='ltr'><strong>Sequitur</strong></span> <span class='ocrx_word' id='word_1_651' title='bbox 687 1647 877 1684; x_wconf 85' lang='lat' dir='ltr'><strong>soliloquium</strong></span> <span class='ocrx_word' id='word_1_652' title='bbox 899 1649 993 1674; x_wconf 81' lang='lat' dir='ltr'><strong>sancti</strong></span> <span class='ocrx_word' id='word_1_653' title='bbox 1014 1648 1181 1683; x_wconf 81' lang='lat' dir='ltr'><strong>Augustini,</strong></span> <span class='ocrx_word' id='word_1_654' title='bbox 1205 1648 1313 1676; x_wconf 82' lang='lat' dir='ltr'><strong>editum</strong></span> <span class='ocrx_word' id='word_1_655' title='bbox 1336 1650 1372 1677; x_wconf 77' lang='lat' dir='ltr'><strong>ab</strong></span> <span class='ocrx_word' id='word_1_656' title='bbox 1394 1652 1459 1683; x_wconf 87' lang='lat' dir='ltr'><strong>ipso</strong></span> 
     </span>
     <span class='ocr_line' id='line_1_40' title="bbox 141 1685 1459 1723; baseline 0 -9"><span class='ocrx_word' id='word_1_657' title='bbox 141 1688 178 1715; x_wconf 81' lang='lat' dir='ltr'><strong>ad</strong></span> <span class='ocrx_word' id='word_1_658' title='bbox 197 1687 315 1714; x_wconf 85' lang='lat' dir='ltr'><strong>laudem</strong></span> <span class='ocrx_word' id='word_1_659' title='bbox 336 1688 366 1714; x_wconf 90' lang='lat' dir='ltr'><strong>et</strong></span> <span class='ocrx_word' id='word_1_660' title='bbox 380 1687 507 1723; x_wconf 81' lang='lat' dir='ltr'><strong>gloriam</strong></span> <span class='ocrx_word' id='word_1_661' title='bbox 527 1687 632 1714; x_wconf 85' lang='lat' dir='ltr'><strong>beatae</strong></span> <span class='ocrx_word' id='word_1_662' title='bbox 651 1685 764 1714; x_wconf 87' lang='lat' dir='ltr'><strong>Mariae</strong></span> <span class='ocrx_word' id='word_1_663' title='bbox 782 1686 915 1721; x_wconf 84' lang='lat' dir='ltr'><strong>virginis,</strong></span> <span class='ocrx_word' id='word_1_664' title='bbox 936 1686 1093 1721; x_wconf 83' lang='lat' dir='ltr'><strong>genetricis</strong></span> <span class='ocrx_word' id='word_1_665' title='bbox 1111 1686 1176 1719; x_wconf 89' lang='lat' dir='ltr'><strong>Dei,</strong></span> <span class='ocrx_word' id='word_1_666' title='bbox 1197 1687 1230 1713; x_wconf 91' lang='lat' dir='ltr'><strong>in</strong></span> <span class='ocrx_word' id='word_1_667' title='bbox 1250 1687 1375 1716; x_wconf 86' lang='lat' dir='ltr'><strong>salutem</strong></span> <span class='ocrx_word' id='word_1_668' title='bbox 1396 1689 1459 1716; x_wconf 82' lang='lat' dir='ltr'><strong>ani-</strong></span> 
     </span>
     <span class='ocr_line' id='line_1_41' title="bbox 141 1723 886 1761; baseline -0.003 -8"><span class='ocrx_word' id='word_1_669' title='bbox 141 1734 255 1753; x_wconf 83' lang='lat' dir='ltr'><strong>marum</strong></span> <span class='ocrx_word' id='word_1_670' title='bbox 275 1726 316 1760; x_wconf 76' lang='lat' dir='ltr'><strong>A,</strong></span> <span class='ocrx_word' id='word_1_671' title='bbox 338 1725 417 1753; x_wconf 84' lang='lat' dir='ltr'><strong>daun</strong></span> <span class='ocrx_word' id='word_1_672' title='bbox 437 1724 513 1761; x_wconf 83' lang='lat' dir='ltr'><strong>folgt</strong></span> <span class='ocrx_word' id='word_1_673' title='bbox 532 1724 646 1752; x_wconf 84' lang='lat' dir='ltr'><strong>ebenda</strong></span> <span class='ocrx_word' id='word_1_674' title='bbox 665 1723 709 1752; x_wconf 81' lang='lat' dir='ltr'><strong>als</strong></span> <span class='ocrx_word' id='word_1_675' title='bbox 728 1723 886 1760; x_wconf 85' lang='lat' dir='ltr'><strong>Prologus:</strong></span> 
     </span>
    </p>
   </div>
   <div class='ocr_carea' id='block_1_4' title="bbox 502 1783 911 1896">
    <p class='ocr_par' dir='ltr' id='par_1_5' title="bbox 502 1783 911 1896">
     <span class='ocr_line' id='line_1_42' title="bbox 504 1783 911 1818; baseline 0 -7"><span class='ocrx_word' id='word_1_676' title='bbox 504 1784 582 1811; x_wconf 83' lang='lat' dir='ltr'><strong>Ante</strong></span> <span class='ocrx_word' id='word_1_677' title='bbox 601 1784 739 1811; x_wconf 87' lang='lat' dir='ltr'><strong>thronum</strong></span> <span class='ocrx_word' id='word_1_678' title='bbox 758 1783 911 1818; x_wconf 83' lang='lat' dir='ltr'><strong>trinitatis,</strong></span> 
     </span>
     <span class='ocr_line' id='line_1_43' title="bbox 502 1820 847 1856; baseline -0.003 -6"><span class='ocrx_word' id='word_1_679' title='bbox 502 1823 680 1850; x_wconf 88' lang='lat' dir='ltr'><strong>Miserorum</strong></span> <span class='ocrx_word' id='word_1_680' title='bbox 700 1820 847 1856; x_wconf 82' lang='lat' dir='ltr'><strong>miserata,</strong></span> 
     </span>
     <span class='ocr_line' id='line_1_44' title="bbox 503 1860 905 1896; baseline -0.002 -7"><span class='ocrx_word' id='word_1_681' title='bbox 503 1860 552 1889; x_wconf 83' lang='lat' dir='ltr'><strong>Sis</strong></span> <span class='ocrx_word' id='word_1_682' title='bbox 573 1869 625 1896; x_wconf 88' lang='lat' dir='ltr'><strong>pro</strong></span> <span class='ocrx_word' id='word_1_683' title='bbox 645 1860 732 1888; x_wconf 89' lang='lat' dir='ltr'><strong>nobis</strong></span> <span class='ocrx_word' id='word_1_684' title='bbox 753 1860 905 1888; x_wconf 83' lang='lat' dir='ltr'><strong>advocata.</strong></span> 
     </span>
    </p>
   </div>
   <div class='ocr_carea' id='block_1_5' title="bbox 503 1917 1084 2146">
    <p class='ocr_par' dir='ltr' id='par_1_6' title="bbox 505 1917 943 1952">
     <span class='ocr_line' id='line_1_45' title="bbox 505 1917 943 1952; baseline 0.002 -8"><span class='ocrx_word' id='word_1_685' title='bbox 505 1917 598 1952; x_wconf 84' lang='lat' dir='ltr'><strong>Virgo</strong></span> <span class='ocrx_word' id='word_1_686' title='bbox 619 1917 691 1944; x_wconf 87' lang='lat' dir='ltr'><strong>solis</strong></span> <span class='ocrx_word' id='word_1_687' title='bbox 712 1918 820 1944; x_wconf 86' lang='lat' dir='ltr'><strong>amicta</strong></span> <span class='ocrx_word' id='word_1_688' title='bbox 843 1918 943 1952; x_wconf 84' lang='lat' dir='ltr'><strong>pallio,</strong></span> 
     </span>
    </p>

    <p class='ocr_par' dir='ltr' id='par_1_7' title="bbox 503 1955 966 2022">
     <span class='ocr_line' id='line_1_46' title="bbox 507 1955 966 1992; baseline -0.002 -9"><span class='ocrx_word' id='word_1_689' title='bbox 507 1955 563 1983; x_wconf 86' lang='lat' dir='ltr'><strong>Cui</strong></span> <span class='ocrx_word' id='word_1_690' title='bbox 582 1955 654 1982; x_wconf 83' lang='lat' dir='ltr'><strong>luna</strong></span> <span class='ocrx_word' id='word_1_691' title='bbox 672 1955 797 1992; x_wconf 87' lang='lat' dir='ltr'><strong>pedibus</strong></span> <span class='ocrx_word' id='word_1_692' title='bbox 817 1957 966 1989; x_wconf 86' lang='lat' dir='ltr'><strong>sternitur,</strong></span> 
     </span>
     <span class='ocr_line' id='line_1_47' title="bbox 503 1993 924 2022; baseline 0 0"><span class='ocrx_word' id='word_1_693' title='bbox 503 1993 647 2022; x_wconf 88' lang='lat' dir='ltr'><strong>Duodeno</strong></span> <span class='ocrx_word' id='word_1_694' title='bbox 668 1993 820 2021; x_wconf 83' lang='lat' dir='ltr'><strong>stellarum</strong></span> <span class='ocrx_word' id='word_1_695' title='bbox 840 1994 924 2022; x_wconf 85' lang='lat' dir='ltr'><strong>radio</strong></span> 
     </span>
    </p>

    <p class='ocr_par' dir='ltr' id='par_1_8' title="bbox 506 2031 1084 2146">
     <span class='ocr_line' id='line_1_48' title="bbox 508 2031 1039 2069; baseline 0.002 -10"><span class='ocrx_word' id='word_1_696' title='bbox 508 2031 603 2069; x_wconf 82' lang='lat' dir='ltr'><strong>Caput</strong></span> <span class='ocrx_word' id='word_1_697' title='bbox 624 2039 730 2060; x_wconf 85' lang='lat' dir='ltr'><strong>ornans</strong></span> <span class='ocrx_word' id='word_1_698' title='bbox 752 2040 860 2060; x_wconf 88' lang='lat' dir='ltr'><strong>corona</strong></span> <span class='ocrx_word' id='word_1_699' title='bbox 879 2032 1039 2069; x_wconf 85' lang='lat' dir='ltr'><strong>praeditur,</strong></span> 
     </span>
     <span class='ocr_line' id='line_1_49' title="bbox 506 2070 1036 2107; baseline -0.002 -8"><span class='ocrx_word' id='word_1_700' title='bbox 506 2070 602 2107; x_wconf 87' lang='lat' dir='ltr'><strong>Super</strong></span> <span class='ocrx_word' id='word_1_701' title='bbox 622 2072 727 2098; x_wconf 84' lang='lat' dir='ltr'><strong>cuncta</strong></span> <span class='ocrx_word' id='word_1_702' title='bbox 746 2070 880 2107; x_wconf 83' lang='lat' dir='ltr'><strong>praelata</strong></span> <span class='ocrx_word' id='word_1_703' title='bbox 899 2073 1036 2106; x_wconf 87' lang='lat' dir='ltr'><strong>cernitur,</strong></span> 
     </span>
     <span class='ocr_line' id='line_1_50' title="bbox 507 2109 1084 2146; baseline 0 -10"><span class='ocrx_word' id='word_1_704' title='bbox 507 2110 589 2143; x_wconf 87' lang='lat' dir='ltr'><strong>Quae</strong></span> <span class='ocrx_word' id='word_1_705' title='bbox 608 2110 641 2136; x_wconf 90' lang='lat' dir='ltr'><strong>in</strong></span> <span class='ocrx_word' id='word_1_706' title='bbox 661 2109 752 2137; x_wconf 84' lang='lat' dir='ltr'><strong>caelis</strong></span> <span class='ocrx_word' id='word_1_707' title='bbox 772 2110 877 2146; x_wconf 85' lang='lat' dir='ltr'><strong>regina</strong></span> <span class='ocrx_word' id='word_1_708' title='bbox 896 2111 1084 2146; x_wconf 89' lang='lat' dir='ltr'><strong>conspicitur.</strong></span> 
     </span>
    </p>
   </div>
   <div class='ocr_carea' id='block_1_6' title="bbox 410 2155 1216 2195">
    <p class='ocr_par' dir='ltr' id='par_1_9' title="bbox 410 2155 1216 2195">
     <span class='ocr_line' id='line_1_51' title="bbox 410 2155 1216 2195; baseline 0.001 -11"><span class='ocrx_word' id='word_1_709' title='bbox 410 2155 503 2185; x_wconf 83' lang='lat' dir='ltr'><strong>Cerne</strong></span> <span class='ocrx_word' id='word_1_710' title='bbox 522 2158 665 2185; x_wconf 84' lang='lat' dir='ltr'><strong>virtutum</strong></span> <span class='ocrx_word' id='word_1_711' title='bbox 688 2165 720 2184; x_wconf 89' lang='lat' dir='ltr'><strong>se</strong></span> <span class='ocrx_word' id='word_1_712' title='bbox 739 2160 862 2185; x_wconf 86' lang='lat' dir='ltr'><strong>matrem</strong></span> <span class='ocrx_word' id='word_1_713' title='bbox 883 2165 970 2185; x_wconf 85' lang='lat' dir='ltr'><strong>carne</strong></span> <span class='ocrx_word' id='word_1_714' title='bbox 990 2158 1119 2186; x_wconf 88' lang='lat' dir='ltr'><strong>solutum</strong></span> <span class='ocrx_word' id='word_1_715' title='bbox 1138 2155 1216 2195; x_wconf 85' lang='lat' dir='ltr'><strong>[sic].</strong></span> 
     </span>
    </p>
   </div>
   <div class='ocr_carea' id='block_1_7' title="bbox 137 2204 1461 2474">
    <p class='ocr_par' dir='ltr' id='par_1_10' title="bbox 137 2204 1461 2474">
     <span class='ocr_line' id='line_1_52' title="bbox 215 2204 1459 2244; baseline 0 -11"><span class='ocrx_word' id='word_1_716' title='bbox 215 2205 252 2233; x_wconf 88' lang='lat' dir='ltr'><strong>In</strong></span> <span class='ocrx_word' id='word_1_717' title='bbox 261 2205 352 2233; x_wconf 84' lang='lat' dir='ltr'>BFP:</span> <span class='ocrx_word' id='word_1_718' title='bbox 368 2205 497 2242; x_wconf 87' lang='lat' dir='ltr'><strong>„Incipit</strong></span> <span class='ocrx_word' id='word_1_719' title='bbox 509 2204 620 2234; x_wconf 88' lang='lat' dir='ltr'><strong>iubilus</strong></span> <span class='ocrx_word' id='word_1_720' title='bbox 637 2213 752 2232; x_wconf 86' lang='lat' dir='ltr'><strong>aureus.</strong></span> <span class='ocrx_word' id='word_1_721' title='bbox 781 2205 869 2234; x_wconf 83' lang='lat' dir='ltr'><strong>Hanc</strong></span> <span class='ocrx_word' id='word_1_722' title='bbox 882 2208 1053 2242; x_wconf 84' lang='lat' dir='ltr'><strong>sequentem</strong></span> <span class='ocrx_word' id='word_1_723' title='bbox 1065 2208 1228 2235; x_wconf 86' lang='lat' dir='ltr'><strong>orationem</strong></span> <span class='ocrx_word' id='word_1_724' title='bbox 1238 2210 1298 2235; x_wconf 85' lang='lat' dir='ltr'><strong>tam</strong></span> <span class='ocrx_word' id='word_1_725' title='bbox 1310 2207 1459 2244; x_wconf 82' lang='lat' dir='ltr'><strong>eleganter</strong></span> 
     </span>
     <span class='ocr_line' id='line_1_53' title="bbox 140 2243 1459 2281; baseline -0.001 -8"><span class='ocrx_word' id='word_1_726' title='bbox 140 2248 171 2273; x_wconf 87' lang='lat' dir='ltr'><strong>et</strong></span> <span class='ocrx_word' id='word_1_727' title='bbox 188 2244 313 2280; x_wconf 83' lang='lat' dir='ltr'><strong>pulchre</strong></span> <span class='ocrx_word' id='word_1_728' title='bbox 331 2245 490 2281; x_wconf 80' lang='lat' dir='ltr'><strong>rigmatam</strong></span> <span class='ocrx_word' id='word_1_729' title='bbox 507 2243 641 2272; x_wconf 81' lang='lat' dir='ltr'><strong>condidit</strong></span> <span class='ocrx_word' id='word_1_730' title='bbox 660 2244 798 2280; x_wconf 84' lang='lat' dir='ltr'><strong>Ioseph</strong></span> <span class='ocrx_word' id='word_1_731' title='bbox 817 2244 859 2271; x_wconf 81' lang='lat' dir='ltr'><strong>ab</strong></span> <span class='ocrx_word' id='word_1_732' title='bbox 881 2245 1111 2279; x_wconf 75' lang='lat' dir='ltr'><strong>Arimathia,</strong></span> <span class='ocrx_word' id='word_1_733' title='bbox 1135 2245 1246 2274; x_wconf 63' lang='lat' dir='ltr'><strong>nobilis</strong></span> <span class='ocrx_word' id='word_1_734' title='bbox 1266 2246 1399 2279; x_wconf 80' lang='lat' dir='ltr'><strong>decurio,</strong></span> <span class='ocrx_word' id='word_1_735' title='bbox 1421 2245 1459 2272; x_wconf 76' lang='lat' dir='ltr'><strong>ad</strong></span> 
     </span>
     <span class='ocr_line' id='line_1_54' title="bbox 137 2282 1458 2320; baseline -0.001 -9"><span class='ocrx_word' id='word_1_736' title='bbox 137 2284 281 2312; x_wconf 86' lang='lat' dir='ltr'><strong>honorem</strong></span> <span class='ocrx_word' id='word_1_737' title='bbox 301 2282 537 2320; x_wconf 79' lang='lat' dir='ltr'><strong>gloriosissimae</strong></span> <span class='ocrx_word' id='word_1_738' title='bbox 556 2283 682 2318; x_wconf 88' lang='lat' dir='ltr'><strong>virginis</strong></span> <span class='ocrx_word' id='word_1_739' title='bbox 703 2283 831 2316; x_wconf 82' lang='lat' dir='ltr'><strong>Mariae,</strong></span> <span class='ocrx_word' id='word_1_740' title='bbox 853 2283 890 2310; x_wconf 89' lang='lat' dir='ltr'><strong>de</strong></span> <span class='ocrx_word' id='word_1_741' title='bbox 910 2291 983 2319; x_wconf 84' lang='lat' dir='ltr'>qua,</span> <span class='ocrx_word' id='word_1_742' title='bbox 1012 2287 1046 2311; x_wconf 88' lang='lat' dir='ltr'><strong>ut</strong></span> <span class='ocrx_word' id='word_1_743' title='bbox 1065 2285 1113 2319; x_wconf 88' lang='lat' dir='ltr'><strong>pie</strong></span> <span class='ocrx_word' id='word_1_744' title='bbox 1134 2283 1274 2317; x_wconf 85' lang='lat' dir='ltr'><strong>creditur,</strong></span> <span class='ocrx_word' id='word_1_745' title='bbox 1297 2284 1458 2312; x_wconf 80' lang='lat' dir='ltr'><strong>revelatum</strong></span> 
     </span>
     <span class='ocr_line' id='line_1_55' title="bbox 140 2320 1458 2359; baseline -0.002 -8"><span class='ocrx_word' id='word_1_746' title='bbox 140 2323 199 2351; x_wconf 84' lang='lat' dir='ltr'><strong>fuit</strong></span> <span class='ocrx_word' id='word_1_747' title='bbox 218 2322 305 2350; x_wconf 84' lang='lat' dir='ltr'><strong>beato</strong></span> <span class='ocrx_word' id='word_1_748' title='bbox 328 2321 511 2357; x_wconf 85' lang='lat' dir='ltr'><strong>Augustino,</strong></span> <span class='ocrx_word' id='word_1_749' title='bbox 534 2320 612 2358; x_wconf 88' lang='lat' dir='ltr'><strong>quod</strong></span> <span class='ocrx_word' id='word_1_750' title='bbox 633 2321 801 2358; x_wconf 80' lang='lat' dir='ltr'><strong>quicunque</strong></span> <span class='ocrx_word' id='word_1_751' title='bbox 821 2329 885 2349; x_wconf 85' lang='lat' dir='ltr'><strong>eam</strong></span> <span class='ocrx_word' id='word_1_752' title='bbox 906 2322 1011 2349; x_wconf 84' lang='lat' dir='ltr'><strong>devote</strong></span> <span class='ocrx_word' id='word_1_753' title='bbox 1031 2324 1061 2350; x_wconf 83' lang='lat' dir='ltr'><strong>et</strong></span> <span class='ocrx_word' id='word_1_754' title='bbox 1079 2323 1205 2350; x_wconf 86' lang='lat' dir='ltr'><strong>contrito</strong></span> <span class='ocrx_word' id='word_1_755' title='bbox 1227 2320 1313 2349; x_wconf 86' lang='lat' dir='ltr'><strong>corde</strong></span> <span class='ocrx_word' id='word_1_756' title='bbox 1333 2322 1458 2359; x_wconf 84' lang='lat' dir='ltr'><strong>singulis</strong></span> 
     </span>
     <span class='ocr_line' id='line_1_56' title="bbox 139 2358 1461 2397; baseline -0.002 -8"><span class='ocrx_word' id='word_1_757' title='bbox 139 2361 244 2389; x_wconf 84' lang='lat' dir='ltr'><strong>diebus</strong></span> <span class='ocrx_word' id='word_1_758' title='bbox 273 2361 398 2395; x_wconf 81' lang='lat' dir='ltr'><strong>dixerit,</strong></span> <span class='ocrx_word' id='word_1_759' title='bbox 427 2359 571 2397; x_wconf 80' lang='lat' dir='ltr'><strong>quidquid</strong></span> <span class='ocrx_word' id='word_1_760' title='bbox 598 2367 617 2387; x_wconf 84' lang='lat' dir='ltr'>a</span> <span class='ocrx_word' id='word_1_761' title='bbox 636 2360 700 2388; x_wconf 86' lang='lat' dir='ltr'><strong>Deo</strong></span> <span class='ocrx_word' id='word_1_762' title='bbox 719 2360 797 2388; x_wconf 88' lang='lat' dir='ltr'><strong>iuste</strong></span> <span class='ocrx_word' id='word_1_763' title='bbox 817 2361 944 2396; x_wconf 86' lang='lat' dir='ltr'><strong>petierit,</strong></span> <span class='ocrx_word' id='word_1_764' title='bbox 964 2358 1162 2397; x_wconf 84' lang='lat' dir='ltr'><strong>impetrabit.“</strong></span> <span class='ocrx_word' id='word_1_765' title='bbox 1202 2360 1263 2387; x_wconf 90' lang='lat' dir='ltr'><strong>Der</strong></span> <span class='ocrx_word' id='word_1_766' title='bbox 1284 2359 1401 2388; x_wconf 87' lang='lat' dir='ltr'><strong>Unsinn</strong></span> <span class='ocrx_word' id='word_1_767' title='bbox 1420 2361 1461 2387; x_wconf 90' lang='lat' dir='ltr'><strong>ist</strong></span> 
     </span>
     <span class='ocr_line' id='line_1_57' title="bbox 138 2398 1458 2437; baseline -0.002 -9"><span class='ocrx_word' id='word_1_768' title='bbox 138 2399 211 2428; x_wconf 84' lang='lat' dir='ltr'><strong>doch</strong></span> <span class='ocrx_word' id='word_1_769' title='bbox 233 2400 318 2427; x_wconf 87' lang='lat' dir='ltr'><strong>nieht</strong></span> <span class='ocrx_word' id='word_1_770' title='bbox 330 2399 363 2426; x_wconf 91' lang='lat' dir='ltr'><strong>in</strong></span> <span class='ocrx_word' id='word_1_771' title='bbox 375 2399 542 2437; x_wconf 81' lang='lat' dir='ltr'><strong>Tegernsee</strong></span> <span class='ocrx_word' id='word_1_772' title='bbox 555 2398 738 2435; x_wconf 83' lang='lat' dir='ltr'><strong>gewachsen.</strong></span> <span class='ocrx_word' id='word_1_773' title='bbox 778 2399 806 2427; x_wconf 80' lang='lat' dir='ltr'><strong>R,</strong></span> <span class='ocrx_word' id='word_1_774' title='bbox 826 2398 959 2427; x_wconf 87' lang='lat' dir='ltr'><strong>bemerkt</strong></span> <span class='ocrx_word' id='word_1_775' title='bbox 978 2399 1121 2426; x_wconf 68' lang='lat' dir='ltr'><strong>ntimlich:</strong></span> <span class='ocrx_word' id='word_1_776' title='bbox 1148 2398 1253 2434; x_wconf 88' lang='lat' dir='ltr'><strong>,Hanc</strong></span> <span class='ocrx_word' id='word_1_777' title='bbox 1275 2399 1458 2427; x_wconf 84' lang='lat' dir='ltr'><strong>salutiferam</strong></span> 
     </span>
     <span class='ocr_line' id='line_1_58' title="bbox 137 2420 1458 2474; baseline -0.002 -7"><span class='ocrx_word' id='word_1_778' title='bbox 137 2440 302 2468; x_wconf 82' lang='lat' dir='ltr'><strong>orationem</strong></span> <span class='ocrx_word' id='word_1_779' title='bbox 331 2440 392 2465; x_wconf 84' lang='lat' dir='ltr'><strong>tam</strong></span> <span class='ocrx_word' id='word_1_780' title='bbox 421 2437 571 2474; x_wconf 87' lang='lat' dir='ltr'><strong>eleganter</strong></span> <span class='ocrx_word' id='word_1_781' title='bbox 591 2440 621 2465; x_wconf 90' lang='lat' dir='ltr'><strong>et</strong></span> <span class='ocrx_word' id='word_1_782' title='bbox 639 2437 762 2474; x_wconf 84' lang='lat' dir='ltr'><strong>pulchre</strong></span> <span class='ocrx_word' id='word_1_783' title='bbox 781 2435 981 2473; x_wconf 83' lang='lat' dir='ltr'><strong>rhythmatam</strong></span> <span class='ocrx_word' id='word_1_784' title='bbox 1002 2437 1135 2466; x_wconf 81' lang='lat' dir='ltr'><strong>condidit</strong></span> <span class='ocrx_word' id='word_1_785' title='bbox 1153 2420 1292 2473; x_wconf 67' lang='lat' dir='ltr'><strong>loseph</strong></span> <span class='ocrx_word' id='word_1_786' title='bbox 1312 2437 1355 2465; x_wconf 89' lang='lat' dir='ltr'><strong>ab</strong></span> <span class='ocrx_word' id='word_1_787' title='bbox 1375 2438 1458 2466; x_wconf 85' lang='lat' dir='ltr'><strong>Ari-</strong></span> 
     </span>
    </p>
   </div>
  </div>
 </body>
</html>
