1651 2700
616 116 877 153 —197—

262 212 371 245 Mater
395 212 543 246 amabilis
568 217 664 254 atque
687 214 856 254 placabilis
882 213 1141 255 orthographiae.

264 259 366 293 Stella
389 261 499 303 maris,
523 262 685 301 speculum
711 262 843 305 iubaris,
870 263 939 295 sine
958 270 1018 296 vae
1043 262 1232 304 gravidaris,

265 307 383 349 Sicque
407 309 496 348 paris
522 309 732 351 genetrixque
757 310 844 343 daris
868 310 1022 351 virgoque
1045 310 1184 343 vocaris,

263 355 310 388 Ut
333 356 470 396 placeat,
498 355 592 400 faxis,
619 366 744 397 quoque
771 357 849 390 cleri
876 357 993 390 diceris
1017 357 1097 398 aide,

180 403 236 437 10.
262 403 450 436 Pervicibus
474 403 557 436 laxis
581 405 624 436 tis
649 407 698 437 est
721 407 799 438 nata
828 405 1011 438 diasmaxis.

264 451 289 484 Ο
311 450 400 483 Deus
425 453 566 492 aeterne,
590 461 688 492 prece
711 455 859 485 materna
883 453 1035 485 miserere

264 497 429 540 Nostrum,
455 499 503 530 sic
528 507 631 541 cerne,
661 500 781 532 caelica
805 499 907 533 facias
930 509 989 532 nos
1014 499 1135 533 videre.

170 573 245 601 Cim.
264 573 419 601 Monaeen.
439 572 488 610 (ol.
508 572 662 610 Tegurin.)
683 571 718 602 19
726 572 783 602 824
803 583 879 603 saec.
901 572 945 602 15.

535 686 597 717 148.
626 685 671 718 De
690 685 787 717 beata
807 685 908 718 Maria
929 686 963 717 V.

106 775 139 809 1.
165 774 273 817 Salve,
298 777 412 807 sanct-a
434 784 565 816 parenS,
799 777 833 809 6.
858 775 964 819 Salve,
990 784 1072 816 quae
1095 784 1225 808 securos

165 823 259 855 Omni
283 822 358 855 labe
383 831 506 863 carens,
856 823 953 856 Facis
977 824 1181 866 transituros,

166 870 272 911 Salve,
300 870 390 911 virga
416 870 543 910 decens,
858 870 963 910 Salve,
990 879 1050 911 per
1074 880 1167 911 quam
1191 878 1316 902 sursum

163 918 241 951 Plus
267 926 362 958 quam
386 926 461 950 rosa
485 925 607 949 recens,
856 917 995 957 Quisque
1018 918 1117 950 vertit
1140 926 1278 950 cursum.

109 987 140 1020 2.
168 984 273 1024 Salve,
299 987 404 1017 mater
429 984 525 1024 regiS,
799 987 832 1018 7.
858 983 964 1023 Salve,
992 983 1056 1016 dux
1082 986 1114 1015 et
1137 984 1199 1026 via,

168 1033 248 1066 Cum
273 1041 335 1073 quo
361 1035 475 1064 cuncta
500 1031 594 1071 regiS,
858 1031 921 1063 Dei
945 1034 1048 1064 mater
1072 1031 1137 1073 pia,

169 1080 276 1122 Salve,
300 1082 403 1111 mater
427 1079 520 1121 lucis,
859 1078 966 1119 Salve,
992 1078 1200 1119 gubernatrix

167 1128 222 1160 Ad
248 1136 343 1167 quam
367 1128 476 1167 lapsos
504 1126 605 1159 ducis,
860 1126 977 1159 Mundi
1002 1128 1035 1158 et
1055 1126 1220 1159 salvatriX.

114 1196 145 1228 3.
169 1194 275 1234 Salve,
304 1194 372 1226 eius
397 1197 511 1233 mater,
802 1193 835 1225 8.
862 1191 967 1233 Salve,
992 1200 1052 1232 per
1075 1201 1171 1233 quam
1195 1200 1306 1223 sanum

172 1241 233 1281 Qui
258 1246 309 1275 est,
330 1245 405 1273 tuus
429 1243 533 1280 pater,
861 1239 922 1271 Est
946 1248 1044 1279 genus
1069 1240 1252 1280 humanum,

172 1290 277 1330 Salve,
304 1298 386 1328 quae
412 1287 513 1329 fuisti,
863 1286 967 1329 Salve,
995 1295 1055 1327 per
1079 1296 1173 1328 quam
1198 1286 1335 1319 mundus

170 1337 280 1377 Virgo,
307 1340 410 1368 mater
437 1335 567 1368 Christi.
862 1333 924 1366 Est
948 1334 1050 1366 omnis
1073 1334 1241 1368 iucundus.

115 1407 148 1439 4.
175 1403 282 1444 Salve,
307 1406 412 1438 mater
437 1403 523 1435 alma
806 1401 840 1436 9.
866 1399 973 1441 Salve,
999 1401 1185 1441 angelorum

175 1451 406 1491 virginumque
425 1449 542 1493 palma,
863 1447 1002 1480 Domina
1025 1451 1221 1490 cunctorum,

177 1499 283 1542 Salve,
310 1507 393 1538 quae
419 1500 545 1529 tuorum
864 1495 970 1536 Salve,
997 1504 1094 1535 super
1120 1499 1250 1528 cunctos

174 1546 221 1579 Es
247 1554 321 1586 spes
347 1545 551 1577 famulorum.
865 1543 986 1577 Ohoros
1015 1542 1142 1578 Christo
1166 1543 1303 1575 iunctos.

115 1617 148 1648 5.
176 1613 285 1655 Salve,
316 1612 414 1653 digna
438 1611 544 1650 laude,
797 1610 853 1644 10.
868 1611 974 1653 Salve,
999 1611 1090 1642 iuxta
1114 1613 1225 1642 natum

176 1661 286 1693 Mater
310 1660 379 1693 sine
404 1658 531 1699 fraude,
869 1658 995 1690 Tenens
1020 1658 1250 1699 principatum,

177 1708 283 1753 Salve,
310 1717 391 1748 quae
416 1707 541 1739 vocaris
867 1705 974 1747 Salve,
1000 1715 1081 1746 quae
1105 1708 1239 1746 precatu

177 1756 283 1790 Huius
309 1756 405 1788 stella
428 1755 539 1788 maris,
868 1753 936 1786 Nos
960 1754 1096 1786 mundas
1121 1756 1224 1786 reatu.

102 1871 130 1898 E
164 1832 261 1898 1οἓᾖὲ-
287 1839 341 1859 mS.
367 1831 481 1859 Domus
510 1829 614 1857 Novae
640 1829 729 1857 Lucis
760 1830 832 1857 anni
860 1826 943 1856 1477.
991 1828 1061 1857 Ood.
1089 1829 1276 1858 Ultraiectin.
1304 1827 1423 1865 Seriptt.

132 1879 164 1898 cc
178 1890 184 1897 .
263 1889 270 1896 .

544 1980 607 2013 149.
639 1980 683 2012 De
701 1981 797 2012 beata
816 1978 917 2012 Maria
936 1978 972 2011 V.

281 2072 386 2108 Salve,
413 2073 526 2104 sancta
549 2079 677 2112 parens,
699 2069 755 2111 pia
779 2069 881 2110 virgo,
908 2067 1186 2111 superbenedicta,

279 2121 371 2154 Omni
396 2119 471 2152 labe
497 2127 620 2160 carens,
647 2126 729 2158 quae
751 2117 873 2150 lumine
897 2117 975 2149 solis
1001 2117 1129 2158 amicta,

278 2169 390 2201 Lunae
413 2167 472 2200 sub
497 2167 618 2208 plantis
645 2167 772 2199 calcans
797 2165 892 2198 iubar
916 2165 1115 2206 irradiantis,

281 2216 408 2249 Sertum
437 2216 477 2248 de
501 2215 604 2248 stellis
630 2223 711 2256 prae
737 2213 976 2256 virginibusque
1000 2214 1129 2255 puellis,

219 2268 251 2300 5.
277 2264 381 2305 Regia
404 2267 562 2305 matrona,
589 2262 684 2307 geris,
710 2262 796 2296 alma
818 2269 981 2303 puerpera
1005 2261 1135 2295 Christi.

279 2313 357 2353 Hic,
384 2312 520 2354 elegisti,
546 2315 602 2344 tua
627 2311 712 2353 quod
735 2313 907 2344 veneretur
928 2310 1033 2353 icona,

278 2363 344 2395 Per
367 2364 424 2394 tua
449 2360 608 2402 condigna
632 2360 797 2402 miracula,
823 2359 914 2399 virgo
938 2359 1087 2399 benigna.

280 2411 336 2443 Me
362 2409 422 2443 tibi
449 2410 602 2451 consigna
624 2408 764 2442 Satanae
790 2408 831 2441 de
855 2406 972 2440 fraude
995 2406 1146 2447 maligna,
