1651 2700
147 754 201 786 10.

144 991 198 1024 15.

143 1228 198 1261 20.

147 1466 203 1497 25.

141 1704 197 1737 30.

139 1944 196 1977 35.

137 2184 194 2217 40.

133 2425 189 2458 45.

660 134 916 170 -125—

489 246 535 277 87.
567 245 673 279 Oratio
695 246 733 277 ad
753 247 879 279 beatam
900 246 1030 278 Mariam
1049 245 1086 276 V.

226 325 344 367 Maria,
370 325 439 356 sole
464 326 581 358 clarior

228 372 384 413 Omnique
409 382 532 413 gemma
558 373 672 414 carior,

229 420 319 453 Caeli
343 419 417 452 nive
443 421 621 462 candidior,

226 468 366 508 Ipsoque
389 468 477 500 caelo
502 468 665 508 mundior3

192 541 199 547 .
226 515 286 557 Tu,
313 524 405 555 quam
433 517 556 548 creavit
579 515 744 557 Dominus,

229 562 440 596 Consecravit
464 564 648 603 altissimus,

226 610 366 651 Repleta
389 613 501 643 sancto
524 609 655 643 flamine

229 658 310 690 Fers
335 657 446 690 florem
474 659 560 690 claro
585 658 736 698 germine.

229 706 291 738 Ille
319 709 352 737 te
376 704 455 737 fecit
479 705 654 747 gravidam,

228 754 288 793 Qui
313 762 401 785 suam
428 753 518 785 dedit
542 752 687 793 gratiam,

228 800 272 833 Ut
299 809 384 832 esses
409 799 626 832 habitaculum

229 847 364 888 Semper
387 847 436 878 illi
459 847 711 879 mundissimum.

228 895 325 936 Audi,
354 894 460 927 Maria
487 895 623 933 domina,

225 943 323 983 Audi,
351 950 483 984 precum
509 941 657 984 suspiria,

226 990 324 1030 Virgo
349 993 453 1021 mater
479 999 547 1021 cum
573 987 650 1030 filio,

227 1037 394 1070 Caelorum
420 1046 496 1078 rege
518 1036 662 1078 proprio,

225 1086 292 1118 Fer
317 1093 409 1125 opem
433 1085 525 1117 nobis
550 1084 686 1124 miseris,

228 1133 312 1172 Quos
337 1132 447 1165 turbat
472 1141 544 1164 caro
570 1130 694 1172 fragilis

227 1180 273 1212 Et
297 1180 429 1212 subveni
455 1179 651 1219 quantocius,

226 1227 310 1266 Quos
335 1227 451 1267 premit
473 1227 573 1259 hostis
590 1226 757 1266 pessimus.

226 1275 272 1307 Et
294 1283 381 1307 nune
404 1275 484 1307 mihi
506 1274 690 1315 praecipue,

225 1322 315 1354 Dans
341 1331 392 1354 me
417 1323 502 1354 vitae
525 1324 699 1362 perpetuae

225 1371 288 1402 Per
312 1373 368 1402 tua
393 1373 505 1402 sancta
530 1369 652 1409 merita,

226 1417 356 1450 Christo
383 1418 453 1450 Deo
479 1416 670 1457 gratissima.

230 1466 289 1505 Qui
315 1465 398 1498 malo
423 1474 492 1496 meo
518 1464 631 1496 merito

226 1513 264 1545 In
291 1521 416 1545 omnem
443 1513 568 1552 culpam
595 1511 699 1543 subito

226 1559 347 1592 Infelix
372 1560 466 1592 nimis
493 1567 605 1591 corruo

223 1608 332 1648 Atque
356 1608 390 1640 in
416 1609 519 1639 morte
543 1608 642 1640 iaceo.

226 1655 299 1687 Non
319 1659 376 1697 est,
400 1656 454 1695 qui
471 1663 598 1687 manum
613 1656 758 1695 porrigat

222 1704 285 1736 Vel
308 1703 525 1735 succurrendo
553 1702 665 1742 erigat,

223 1751 305 1792 Nisi,
333 1761 351 1784 o
377 1753 411 1782 tu
438 1751 633 1789 dulcissima,

224 1798 311 1838 Quae
335 1801 438 1831 mater
464 1808 497 1830 es
522 1797 676 1839 piissima.

224 1847 387 1889 consurge
410 1856 470 1889 pro
495 1856 556 1887 me,
585 1845 722 1890 domina,

223 1894 338 1927 Funde
362 1904 422 1934 pro
448 1903 499 1926 me
523 1894 718 1935 precamina,

223 1942 258 1975 Si
283 1944 357 1985 scis,
392 1943 478 1983 quod
504 1943 548 1974 sit
571 1942 757 1982 necessitas,

224 1990 340 2023 Funde
364 1991 513 2032 planctus
540 1992 571 2022 et
594 1989 756 2025 lacrimas.

221 2039 336 2072 Puella
359 2038 570 2079 nobilissima,

218 2087 318 2128 Virgo
344 2086 591 2127 elegantissima,

219 2136 373 2178 Ingenua,
404 2135 584 2167 clarissima

220 2184 329 2224 Atque
353 2183 600 2224 speciosissima,

220 2232 284 2264 Pro
309 2232 442 2264 nimium
467 2239 518 2263 me
542 2231 669 2267 misera,

217 2279 358 2312 Multum
387 2278 622 2318 infelicissima,

218 2328 427 2369 Plangentem
457 2330 490 2359 te
516 2336 586 2359 cum
611 2325 754 2359 lacrimis

217 2375 384 2417 Numquid
408 2375 437 2407 is
462 2374 551 2408 ferre
574 2374 705 2417 poterit,

217 2425 278 2465 Qui
302 2427 397 2458 natus
424 2426 472 2456 est
496 2424 528 2455 in
555 2428 701 2462 tempore

857 518 911 550 50.

854 992 908 1023 60.

852 1228 907 1260 65.

854 1466 908 1499 70.

853 1706 908 1739 75.

853 1944 909 1978 80.

852 2184 907 2218 85.

851 2424 907 2460 90.

940 326 990 358 De
1013 328 1068 358 tuo
1092 328 1201 357 sancto
1228 324 1385 363 corpore?

940 374 1022 406 Nam
1049 373 1076 404 si
1100 373 1214 413 surgis,
1241 381 1258 404 0
1286 371 1422 413 domina,

938 421 984 454 Ut
1005 421 1082 453 mihi
1109 421 1164 452 des
1188 419 1358 459 iuvamina,

940 468 1049 510 Surgit
1072 470 1176 500 tecum
1201 467 1378 500 clarissima

940 516 1092 549 Caelestis
1117 518 1183 547 tota
1210 514 1316 554 curia3

938 564 972 596 Si
996 572 1055 605 pro
1080 572 1131 595 me
1155 572 1246 603 rogas
1272 562 1405 601 veniam,

938 612 1093 644 Pietatem
1114 611 1284 643 inveniam.

937 659 1053 697 Maria,
1079 658 1180 690 honor
1204 657 1370 697 virginum,

939 706 1058 738 Christi
1083 715 1194 737 norma
1216 704 1370 747 fidelium,

902 779 910 788 .
937 754 1016 785 Esto
1042 753 1117 784 mihi
1143 752 1300 794 refugium

937 801 1030 833 Nunc
1056 803 1088 832 et
1111 809 1237 841 semper
1262 800 1423 831 auxilium.

937 849 1005 880 Fac
1013 848 1162 880 mundam
1173 850 1288 889 mente,
1300 856 1442 889 corpore,

936 896 1005 928 Fac
1028 896 1190 927 subditam
1213 895 1364 934 iustitiae,

936 943 1003 975 Fac
1029 943 1136 974 vivere
1161 942 1331 975 virtutibus

934 991 979 1022 Et
1006 991 1156 1022 mundam
1182 989 1234 1022 fac
1256 989 1441 1024 sceleribus,

936 1037 985 1070 Sit
1008 1039 1070 1069 iter
1095 1037 1347 1077 placidissimum

937 1084 1103 1117 Caelorum
1129 1086 1171 1117 ad
1194 1084 1359 1124 palatium,

936 1132 985 1164 Sis
1010 1132 1089 1164 mihi
1113 1133 1219 1164 lumen
1245 1132 1409 1171 praevium

935 1181 989 1213 Ad
1013 1180 1156 1220 paradisi
1181 1179 1341 1220 gaudium.

934 1227 1119 1267 Benedicta,
1146 1226 1354 1270 sanctissima,

936 1275 1024 1313 Quae
1047 1275 1206 1315 reparasti
1230 1275 1368 1313 saecula,

938 1323 1023 1361 Quae
1048 1323 1184 1363 genuisti
1208 1321 1319 1362 filium,

937 1371 1057 1411 Regem
1082 1370 1236 1402 victorem
1260 1369 1408 1402 hostium.

937 1419 1056 1458 Quibus
1081 1418 1188 1450 verbis
1218 1421 1250 1449 te
1274 1417 1418 1449 invocem

935 1467 1002 1498 Aut
1010 1465 1124 1506 quibus
1137 1474 1221 1497 nunc
1233 1468 1266 1496 te
1273 1465 1441 1508 postulem,

938 1515 1021 1554 Quas
1047 1513 1107 1545 tibi
1131 1512 1264 1544 fundam
1283 1511 1441 1554 lacrimas,

938 1563 1022 1600 Quas
1039 1569 1133 1592 voces
1146 1568 1291 1600 promam
1304 1560 1441 1601 intimas,

939 1610 983 1642 Ut
1006 1617 1057 1641 me
1081 1608 1245 1649 indignam
1270 1607 1381 1639 audias

934 1657 988 1697 Et,
1017 1656 1101 1697 quod
1118 1664 1243 1697 precor,
1269 1654 1444 1694 perficias.

935 1705 1033 1745 Audi,
1058 1703 1166 1736 Maria
1190 1702 1328 1741 domina,

936 1752 1033 1791 Audi,
1059 1755 1159 1783 mater
1186 1750 1381 1789 dulcissima,

934 1800 1050 1832 Terret
1073 1809 1124 1832 me
1149 1798 1323 1839 trepidatio

933 1848 979 1880 Et
1002 1848 1114 1879 mortis
1140 1846 1347 1887 exspectatio,

936 1896 983 1928 Ob
1009 1896 1071 1927 hoc
1095 1896 1138 1927 ad
1163 1898 1195 1926 te
1221 1893 1377 1935 confugio,

937 1943 1024 1982 Quae
1047 1945 1158 1975 nostra
1183 1951 1216 1974 es
1242 1942 1432 1982 redemptiO.

934 1991 1016 2023 Nam
1028 1991 1154 2031 quando
1165 1991 1327 2024 Christum
1333 1991 1443 2023 videro

934 2039 1005 2071 Nec
1028 2048 1091 2071 non
1118 2041 1150 2070 et
1174 2039 1207 2070 in
1233 2038 1352 2070 iudicio

933 2088 1020 2119 Ante
1045 2096 1135 2118 suam
1160 2087 1374 2127 praesentiam

933 2136 988 2168 Ad
1012 2139 1055 2176 te,
1081 2138 1195 2176 mater,
1219 2133 1408 2175 confugiam.

935 2184 989 2216 Ad
1015 2187 1048 2215 te
1073 2192 1214 2225 currens,
1241 2191 1258 2215 ο
1285 2183 1421 2223 domina,

934 2233 1020 2264 Ante
1043 2233 1100 2263 tua
1124 2231 1260 2271 vestigia

932 2280 1002 2312 Abs
1025 2282 1058 2311 te
1084 2288 1236 2320 quaeram
1260 2277 1423 2317 praesidia

932 2328 985 2369 Et,
1011 2328 1039 2360 si
1064 2325 1200 2360 facultas
1225 2325 1324 2358 fuerit

933 2377 1001 2409 Aut
1023 2376 1053 2408 si
1077 2374 1163 2407 forte
1186 2373 1325 2415 licuerit,

933 2424 1010 2456 Tuis
1036 2423 1215 2456 adhaerens
1240 2420 1377 2462 pedibus
