1651 2700
119 2094 173 2127 10.

119 2296 174 2330 11.

637 125 899 162 —139—

474 219 524 250 94.
555 218 665 250 oratio
687 219 727 251 ad
747 220 877 252 beatam
894 219 1027 251 Mariam
1046 219 1083 251 V.

147 314 154 322 .
181 288 290 320 Mater
314 287 446 320 Domini
471 289 587 332 Maria,

181 335 284 367 Recta
309 336 456 375 paradisi
481 337 543 378 via,

180 384 231 416 De
257 391 319 422 qua
346 383 425 415 dicit
448 384 620 424 prophetia

179 431 266 471 Quae
294 429 357 462 fuit
380 431 414 463 in
440 432 542 464 Isaia:

147 512 153 519 .
182 488 281 528 Virgo
306 488 499 527 germinabit
522 486 646 529 florem,

180 536 240 576 Qui
266 537 434 575 septenum
460 535 526 568 fert
550 536 691 579 odorem,

180 583 279 624 Virgo
305 584 453 622 paritura
477 583 601 624 prolem

183 630 362 663 Generabit
387 631 590 664 salvatorem.

145 713 154 721 .
180 688 245 720 Per
269 690 302 719 te
324 688 448 728 genitus
475 691 525 720 est
551 687 648 728 Deus,

180 736 268 768 Tuus
297 735 443 767 dominus
470 738 502 767 et
526 743 625 778 meus,

185 783 276 815 Sicut
299 785 429 814 resonat
453 783 649 823 Matthaeus,

181 831 275 863 Licet
302 830 439 872 deneget
463 830 612 862 Iudaeus.

183 888 208 921 Ο
234 891 269 919 tu
293 887 384 927 virgo
411 887 593 928 singulariS,

180 936 267 968 Aula
291 934 422 976 Christi,
449 935 544 966 stella
568 934 676 976 maris,

181 984 270 1024 Quae
294 982 463 1014 theotocon
488 982 625 1022 vocaris,

181 1030 266 1063 Mihi
289 1031 354 1062 iam
380 1029 597 1070 compatiaris.

147 1114 154 1121 .
182 1089 252 1129 Ego
277 1095 415 1127 namque
439 1096 499 1127 pro
524 1087 666 1125 peccatis

183 1135 326 1168 Nimium
348 1135 547 1175 inveteratis,

183 1183 298 1217 Multis
325 1185 357 1213 et
381 1191 445 1214 non
472 1182 662 1221 computatis

182 1230 266 1263 Mihi
290 1230 482 1270 pertimesco
508 1229 596 1261 satis.

186 1289 330 1323 Vulnera
355 1289 428 1319 sunt
454 1290 615 1328 veterana,

186 1335 308 1376 Quibus
334 1335 495 1367 medicina
519 1343 603 1366 vana

184 1384 304 1417 Exstat
328 1381 474 1414 funditus
499 1383 647 1422 humana,

186 1432 272 1472 Sana
293 1439 345 1461 me
370 1432 416 1470 tu,
443 1430 533 1470 virgo
559 1438 647 1462 sana.

185 1490 210 1522 O
236 1487 343 1521 Maria
367 1486 550 1529 benedicta,

186 1537 263 1570 Mea
290 1535 376 1567 dilue
402 1535 530 1576 delicta,

185 1585 237 1617 Ne
260 1582 422 1615 sententia
447 1582 596 1614 districta

187 1631 307 1666 Christi
332 1630 412 1662 mihi
436 1630 480 1662 sit
503 1630 656 1663 vindicta.

185 1692 289 1724 Aures
314 1690 396 1728 tuas,
423 1696 441 1719 o
468 1687 588 1728 regina,

184 1738 269 1771 Meis
294 1735 445 1777 precibus
469 1735 599 1775 inclina,

186 1786 234 1819 Ut
259 1783 405 1816 caelestis
429 1783 591 1815 medicina

185 1835 250 1867 Per
272 1835 305 1863 te
328 1830 408 1862 mihi
433 1831 476 1862 sit
496 1831 614 1865 vicina.

153 1916 160 1922 .
187 1892 227 1924 In
251 1899 302 1923 me
327 1894 498 1931 generatur
521 1888 626 1930 fletus,

191 1938 329 1979 Stringit
354 1939 456 1981 dolor,
482 1941 584 1970 terret
607 1938 721 1973 metuS,

188 1988 258 2020 Iam
283 1996 346 2019 non
370 1996 500 2026 possum
526 1984 596 2017 fore
619 1985 733 2023 laetUS,

188 2035 248 2076 Qui
273 2035 415 2074 peccatis
440 2043 511 2066 sum
537 2033 690 2073 repletus.

188 2094 289 2125 Astra
309 2092 390 2124 caeli
415 2101 477 2124 non
504 2093 580 2123 sunt
603 2093 704 2131 tanta,

190 2141 229 2173 ln
254 2148 306 2172 me
331 2141 410 2172 vitia
434 2143 507 2172 sunt
532 2142 660 2180 quanta,

190 2189 278 2229 Quae
301 2191 346 2230 tu,
373 2188 474 2230 virgo,
500 2189 603 2220 mater
624 2189 748 2227 sancta,

190 2236 295 2270 Almis
321 2236 473 2277 precibus
497 2236 679 2276 supplanta.

190 2296 215 2329 O
242 2294 269 2328 si
297 2294 391 2327 dares
415 2303 501 2326 nunc
524 2293 664 2335 auditus,

189 2344 237 2378 Ut
261 2351 313 2374 me
337 2343 483 2375 traheres
509 2342 552 2375 ad
576 2342 663 2383 litus,

190 2394 289 2434 Quem
315 2391 472 2432 demergit
495 2390 594 2423 maris
618 2390 710 2432 situs,

188 2442 256 2482 Quo
282 2445 394 2473 teneor
413 2440 572 2473 irretitus,

811 290 867 323 12.

812 490 867 522 13.

811 688 866 721 14.

814 888 868 922 15.

817 1086 869 1119 16.

814 1285 868 1319 17.

817 1487 871 1519 18.

818 1686 872 1720 19.

818 1889 874 1922 20.

819 2090 875 2125 21.

820 2293 876 2326 22.

893 290 1047 322 Fundunt
1069 289 1219 320 lacrimas
1242 289 1396 331 pupillae,

894 337 977 376 Quas
1003 336 1182 376 suscipiunt
1205 337 1365 375 maxillae,

895 385 1106 425 Comparatus
1131 393 1200 416 sum
1226 383 1367 423 favillae,

893 434 931 465 In
956 442 1008 464 me
1032 432 1112 466 vitia
1136 434 1210 464 sunt
1229 432 1328 465 mille.

891 489 987 521 Unde
1009 492 1052 532 te,
1079 489 1197 520 dilecta
1220 488 1303 532 Deo,

894 537 1050 569 Recolens
1080 537 1113 567 in
1140 537 1237 568 corde
1260 545 1331 568 meo

893 585 1031 616 Multum
1057 584 1225 623 rogitando
1249 582 1320 624 fleo,

895 632 941 665 Ut
968 633 1012 664 sis
1037 633 1092 672 pia
1116 632 1193 663 mihi
1219 640 1284 665 reo.

892 688 1077 721 Emendare
1101 697 1151 720 me
1176 697 1245 720 sum
1270 689 1410 729 praesto,

895 736 989 767 Nunc
1011 737 1140 776 placere
1161 736 1230 768 Deo
1256 739 1354 778 gesto,

896 784 960 816 Sed
985 787 1030 822 tu,
1056 784 1157 823 virgo,
1184 784 1263 815 mihi
1287 785 1407 816 maesto

894 830 963 862 iam
987 830 1157 871 placabilis
1182 831 1304 864 adesto.

896 887 1024 919 Nobilis
1051 890 1083 920 et
1108 891 1213 920 mente
1237 898 1328 931 pura,

896 935 974 968 Cum
1000 936 1043 967 sis
1069 936 1154 966 mitis
1180 944 1219 967 cx
1244 938 1369 974 natura,

894 982 999 1021 Quare
1027 991 1111 1014 nunc
1137 991 1169 1014 es
1194 983 1273 1015 mihi
1299 983 1379 1015 dura

893 1029 994 1061 Nulla
1016 1033 1225 1070 permanente
1248 1028 1349 1064 cura?

897 1086 995 1128 Audi,
1021 1089 1116 1127 porta
1141 1087 1296 1126 paradisi,

896 1135 959 1166 Per
984 1143 1078 1174 quam
1102 1135 1194 1165 multi
1213 1137 1285 1166 sunt
1305 1132 1425 1174 confisi,

895 1182 975 1223 Ego,
1004 1191 1072 1214 cum
1099 1182 1241 1222 peccavi,
1268 1182 1335 1222 risi,

894 1230 994 1262 Modo
1018 1229 1090 1269 fleo,
1117 1230 1202 1269 quod
1226 1229 1379 1262 commisi.

895 1286 949 1318 Ad
974 1289 1007 1318 te
1032 1288 1133 1319 clamo
1159 1287 1199 1319 de
1220 1286 1393 1329 profundo,

899 1333 990 1366 Genu
1014 1333 1117 1373 flecto,
1143 1337 1255 1375 pectus
1281 1333 1391 1373 tund0,

896 1381 941 1413 Et
966 1385 1000 1413 tu
1025 1390 1117 1425 nunc,
1145 1382 1272 1422 dilecta,
1297 1381 1416 1413 mundo

899 1430 1001 1461 Vento
1025 1430 1159 1462 subveni
1182 1430 1332 1462 secundo.

899 1486 923 1518 Ο
950 1487 1097 1519 columba
1121 1487 1190 1518 sine
1214 1485 1301 1526 felle,

899 1534 965 1566 Iam
992 1534 1132 1575 suspiria
1156 1535 1287 1574 repelle,

897 1581 1047 1615 Monstra
1069 1585 1104 1613 te
1127 1582 1255 1614 salvare
1277 1583 1363 1614 velle

899 1629 1018 1670 Meque
1043 1630 1191 1662 manibus
1216 1629 1382 1670 compelle.

898 1687 968 1728 Ego
993 1696 1139 1728 namque,
1166 1697 1238 1720 cum
1262 1687 1405 1727 peccavi,

901 1736 978 1768 Vidi
1002 1737 1117 1768 vulnus
1142 1740 1175 1767 et
1199 1736 1324 1776 expavi,

898 1783 994 1816 Unde
1018 1792 1103 1816 nunc
1127 1792 1272 1815 maerore
1296 1783 1387 1825 gravi

899 1831 973 1864 Tibi
998 1831 1145 1872 supplico
1168 1832 1268 1865 suavi.

899 1889 945 1921 Et
967 1892 1013 1930 tu,
1031 1889 1132 1932 virgo,
1152 1889 1274 1929 praebe
1286 1891 1433 1932 mentem,

900 1936 1050 1969 Monstra
1083 1935 1153 1969 fore
1177 1939 1210 1968 te
1236 1937 1433 1976 clementem,

901 1984 947 2017 Ut
971 1994 1022 2017 me
1046 1984 1177 2017 nimium
1203 1989 1398 2017 maerentem

902 2032 1005 2065 Deum
1031 2032 1131 2066 facias
1156 2033 1329 2068 videntem.

902 2090 972 2131 Ego
996 2091 1184 2131 perpetravi
1206 2089 1338 2130 faecem,

903 2139 988 2179 Rupi
1015 2138 1113 2172 verba
1136 2139 1217 2180 legis
1245 2140 1364 2176 decem,

902 2187 947 2220 At
972 2190 1017 2229 tu,
1045 2189 1134 2220 casta
1157 2188 1258 2229 virgo,
1285 2194 1413 2228 precem

903 2235 990 2268 Audi
1015 2243 1100 2268 nunc
1125 2238 1157 2267 et
1181 2236 1259 2268 tolle
1284 2242 1404 2267 necem.

903 2294 989 2325 Ante
1013 2296 1112 2334 tuum,
1140 2294 1239 2334 virgo,
1266 2293 1389 2325 vultum

901 2341 982 2374 Fleo
1008 2342 1177 2383 rogitando
1201 2341 1346 2381 multum,

902 2390 959 2430 Ut,
985 2391 1071 2431 quod
1097 2391 1208 2421 contra
1231 2388 1294 2420 Dei
1320 2387 1437 2420 cultum

903 2438 992 2479 Feci,
1018 2439 1097 2471 mihi
1121 2438 1166 2470 sit
1187 2437 1360 2471 indultum.
