1651 2700
633 147 895 182 -209—

116 239 146 271 7.
175 238 302 272 Seviaci

220 286 322 319 multa
346 288 503 321 miracula

170 334 404 374 Perpetrantur

219 382 254 414 in
280 382 347 415 eius
371 383 532 425 laudibuS,

170 429 345 462 Evitantur

219 477 408 510 daemonum
437 480 542 512 iacula

172 524 393 558 Clamantibus

220 573 344 605 devotis
369 573 539 608 mentibus,

802 246 833 278 8.
860 243 927 278 Ubi
951 243 1092 285 gaudent

906 300 965 332 per
988 293 1102 324 cuncta
1124 292 1262 332 saecula,

857 339 925 372 Nos
949 339 1107 380 perducat

908 386 989 420 fulta
1013 387 1194 428 virtutibus,

859 435 905 467 Ut
927 435 1047 467 ibidem

908 482 1035 515 diversa
1059 480 1182 514 fercula

856 528 1066 562 Perfruamur

906 586 977 609 cum
1003 577 1084 609 caeli
1109 576 1242 610 civibus

174 637 247 666 Clm.
261 638 416 667 Monacen.
432 637 481 675 (01.
492 639 718 677 Emmeramen.)
733 640 769 670 14
779 640 845 671 343.
857 643 928 669 anni
940 640 1022 670 1351.
1038 656 1075 661 -
1088 640 1115 676 2,
1130 639 1144 669 1
1156 641 1237 670 Iesse
1249 642 1363 669 mirum.
1375 655 1413 662 --

97 674 123 711 6,
144 674 163 704 8
182 677 279 705 Deum
298 677 482 706 laetantium.

541 770 601 802 163.
635 771 679 803 De
698 771 794 803 beata
813 771 915 804 Maria
934 772 971 804 V.

332 839 435 872 Stella
458 840 566 873 Maria
590 841 699 884 maris,
723 842 868 882 paradisi
891 841 948 874 fios
972 842 1131 883 specialis,

326 887 420 919 Vitae
443 897 556 921 norma
580 889 661 929 viae,
692 891 838 930 genetrix
863 890 965 922 electa
987 890 1128 932 sophiae,

326 935 463 968 Aeterni
487 936 564 968 solis
590 937 685 969 iubar
711 938 952 977 exemplumque
975 937 1118 977 pudoris,

328 983 469 1015 Geminis
496 987 680 1016 cunctorum
705 994 764 1016 nos
791 993 909 1016 exorna
933 986 1129 1024 meritorum,

326 1032 390 1063 Per
413 1031 521 1063 radios
546 1041 669 1064 morum
694 1041 752 1064 nos
777 1032 971 1065 illustrando
996 1035 1132 1064 tuorum.

325 1078 442 1111 Saucia
467 1079 565 1111 corda
591 1080 657 1121 liga
683 1078 896 1119 defunctaque
921 1078 974 1111 fac
997 1087 1094 1119 prece
1119 1079 1201 1119 viva,

326 1126 394 1166 Quo
418 1126 550 1159 tandem
576 1127 681 1159 cuncti
705 1136 797 1159 sacro
820 1127 1016 1166 baptismate
1040 1124 1140 1157 functi

325 1174 388 1206 Per
411 1176 445 1206 te
470 1174 634 1207 salventur
659 1175 849 1215 Christoque
873 1175 948 1215 polo
974 1173 1145 1207 socientur.

173 1238 242 1267 Coti.
263 1239 405 1267 Virunen.
427 1248 508 1276 perga
528 1240 690 1268 XXXVIII
710 1248 786 1268 saec.
809 1238 853 1268 12.

540 1331 602 1363 164.
632 1333 676 1364 De
695 1331 793 1363 beata
811 1330 913 1363 Maria
933 1331 970 1363 V.

454 1402 484 1436 1.
512 1401 614 1434 Stella
638 1402 747 1444 maris,
774 1403 870 1435 decus
895 1404 1042 1444 matrum,

511 1450 584 1482 Lux
608 1450 740 1490 lunaris,
766 1450 869 1483 honor
891 1452 1030 1493 patrum,

511 1498 693 1538 Splendens
708 1499 863 1538 templum
876 1497 1067 1537 sanctitatiS‚

512 1546 562 1578 Tu
586 1546 766 1587 exemplum
792 1545 959 1579 castitatis.

105 1603 139 1636 2.
167 1602 266 1636 Casta
290 1611 417 1642 parens,
446 1602 534 1642 virgo
560 1601 635 1643 feta,

166 1651 243 1683 Viro
270 1658 393 1691 carens,
418 1650 511 1692 prole
534 1651 630 1692 laeta,

162 1698 272 1731 Mater
298 1697 428 1740 Christi,
454 1698 565 1731 mundi
588 1699 707 1739 lumen,

166 1746 255 1785 Quae
280 1744 394 1778 fudisti
419 1755 529 1779 verum
554 1756 682 1788 numen,

164 1795 283 1826 Verum
309 1794 407 1826 solem
436 1795 621 1839 concepisti,

165 1841 268 1873 Deum
294 1842 418 1881 prolem
442 1842 608 1883 peperisti.

104 1899 136 1932 3.
164 1898 225 1939 Qui
251 1898 373 1930 creavit

164 1947 221 1987 Te,
248 1945 363 1978 fetavit

212 1994 277 2027 Sua
301 1994 469 2035 sapientia,

162 2041 384 2084 Obumbravit,

162 2091 223 2131 Qui
250 2090 372 2124 creavit

211 2140 277 2173 Sua
301 2141 334 2170 te
357 2138 512 2180 potentia.

101 2199 134 2232 4.
160 2197 252 2231 Aura
277 2197 367 2230 suavi
393 2197 443 2229 sui
467 2196 550 2228 roris

161 2246 207 2279 Et
231 2246 303 2280 velo
328 2245 442 2278 blandi
466 2244 589 2284 teporis

208 2295 305 2328 Texit
329 2296 362 2326 te
386 2293 548 2336 divinitas,

162 2342 278 2378 Castae
303 2342 420 2376 mentis
447 2350 488 2375 ne
515 2341 687 2375 candorem

158 2392 355 2434 Denigraret
378 2399 438 2432 per
463 2390 614 2423 ardorem

209 2440 357 2476 Garnalis
384 2438 557 2481 cupiditas.

141 2502 268 2528 Dreves,
283 2500 327 2523 Pia
340 2499 486 2523 Dictamina.
517 2499 546 2522 V.

798 1603 829 1636 5.
856 1601 976 1633 Lucem
1002 1601 1084 1634 enim
1105 1602 1251 1641 paritura

854 1650 944 1682 Iuste
969 1650 1016 1682 sic
1041 1658 1111 1681 eras
1137 1648 1255 1688 futura,

903 1698 990 1737 Quae
1012 1697 1078 1729 luci
1103 1699 1310 1738 competeres,

852 1746 940 1786 Quae
972 1745 1145 1786 splendore
1169 1744 1284 1776 mentis
1311 1744 1410 1785 clara,

853 1793 979 1826 Decore
1002 1794 1154 1826 virtutum
1183 1801 1258 1825 cara

901 1841 1007 1873 Patris
1032 1849 1139 1872 semen
1166 1848 1307 1881 caperes.

820 1924 827 1932 .
855 1897 969 1930 Semen
993 1898 1097 1939 patris
1123 1897 1308 1940 concepisti,

855 1946 988 1985 Quando
1014 1945 1146 1979 verbum
1171 1945 1343 1985 suscepisti

905 1994 1024 2027 Vivens
1049 1993 1119 2025 sine
1143 1995 1298 2035 tempore,

853 2042 965 2074 Mente
990 2043 1093 2075 Deum
1120 2041 1306 2083 concepisti,

855 2091 1062 2123 Incarnatum
1087 2098 1180 2130 quem
1205 2089 1319 2122 fudisti

902 2138 953 2170 Ex
978 2139 1098 2171 intacto
1125 2146 1269 2178 corpore.

819 2223 826 2231 .
853 2196 878 2229 O
908 2195 1066 2239 miranda,
1094 2205 1190 2236 quam
1213 2197 1361 2228 aeternus

852 2245 961 2284 Pater,
989 2244 1069 2277 caeli
1095 2252 1154 2276 rex
1179 2251 1347 2284 supernus,

902 2292 1041 2334 Fetavit,
1068 2291 1252 2333 virginitas!

853 2340 879 2374 O
904 2340 1098 2382 stupendam
1122 2338 1325 2381 genetricem,

854 2389 879 2422 O
906 2389 992 2422 vitae
1016 2387 1256 2429 reparatricem,

902 2438 972 2478 Qua
995 2438 1071 2470 nata
1098 2434 1265 2468 divinitas!
