1651 2700
691 157 950 192 “223—

182 246 216 279 3.
241 245 382 279 Martem
394 247 514 291 Venus,
534 250 603 294 heu,
623 253 809 294 prostravit,
871 254 901 286 6.
928 253 980 285 Ad
1006 256 1039 285 te
1065 253 1162 285 corde
1187 254 1393 299 gemebundo,

239 293 265 326 Ο
291 294 408 336 Maria,
436 297 544 336 proles
569 298 687 339 David,
928 301 952 333 O
978 301 1094 342 Maria,
1118 309 1231 341 preces
1257 299 1367 343 fundo,

236 341 367 375 Ettunc
377 344 530 376 mundum
540 347 818 380 tuncimmundum
926 348 1005 388 Quia
1030 349 1130 389 gravi,
1157 357 1249 388 quam
1274 350 1399 391 paravi,

286 389 355 422 Sibi
381 389 458 423 fecit
484 394 646 435 spurium3
974 397 1105 428 Premor
1131 404 1186 436 ego
1212 396 1354 438 sarcina3

239 437 322 468 Mihi
348 438 444 470 decor
469 440 645 485 virginalis,
927 443 1009 485 Ach‚
1035 443 1204 484 perturbat
1229 443 1319 475 dolor
1343 444 1463 487 ingens,

239 484 265 517 O
292 485 408 526 Maria,
433 484 493 518 flos
517 489 666 530 vernalis,
927 491 951 523 O
976 491 1092 530 Maria,
1119 499 1170 522 me
1194 491 1414 531 constringens

239 532 407 571 Quondam
432 532 504 575 fuit,
531 536 589 568 sed
614 537 676 569 heu
701 537 767 569 ruit
926 537 1103 577 Spoliatum
1129 541 1161 569 et
1184 539 1338 570 nudatum

288 580 399 614 Luxus
424 590 484 622 per
510 585 698 624 contagium.
972 585 1129 626 Virginali
1153 586 1269 619 tunica.

179 637 213 669 4.
240 637 340 669 Modo
366 638 480 678 plenus
506 648 574 671 sum
601 641 730 683 doloris,
866 644 896 675 7.
923 642 1118 683 Angelorum
1142 642 1175 673 in
1203 643 1328 683 decoro,

237 685 263 717 Ο
289 685 406 725 Maria,
434 684 493 717 flos
519 689 646 726 amoris,
924 689 949 721 O
974 689 1088 732 Maria,
1118 690 1276 729 quondam
1300 691 1393 723 thoro

238 732 372 773 Semper
395 731 480 766 flebo
506 737 536 765 et
562 735 676 776 lugebo
925 737 1061 769 Consors
1088 735 1144 778 fui,
1171 738 1228 769 sed
1253 738 1328 769 hinc
1352 738 1402 770 rui

286 780 408 813 Carens
434 781 655 823 gaudimoni03
971 785 1109 824 Propter
1133 784 1386 826 immunditiam3

237 827 295 860 Me
318 829 390 868 quis
416 830 523 867 potest
548 831 716 870 consolari,
925 831 1025 872 Angit
1048 831 1141 863 nimis
1169 841 1223 864 cor
1247 833 1404 874 anhelum,

236 876 263 908 Ο
288 876 405 916 Maria,
433 884 502 907 cum
528 877 652 916 privari
924 878 949 911 Ο
975 879 1090 919 Maria,
1118 880 1232 919 culpae
1256 881 1354 912 telum

236 923 292 955 Me
318 931 403 955 nunc
427 931 523 955 cerno
549 925 743 964 sempiterno
926 926 973 958 Ob
998 929 1131 967 peccata
1155 930 1341 966 perpetrata

284 971 453 1012 Virginum
477 971 675 1011 praeconio?
971 974 1034 1006 Per
1057 974 1328 1008 incontinentiam.

178 1028 211 1061 5.
236 1027 312 1060 Mea
335 1027 448 1060 sordet
471 1029 655 1069 margarita,
866 1029 897 1061 8.
924 1029 980 1061 Me
1002 1030 1132 1062 vestivit
1158 1031 1263 1062 nitens
1288 1032 1413 1074 byssus,

236 1075 261 1108 Ο
287 1076 405 1117 Maria,
432 1076 525 1115 proh,
551 1077 698 1117 contrita,
926 1077 950 1109 O
977 1077 1092 1118 Maria,
1116 1077 1173 1109 sed
1201 1079 1389 1119 conscissus,

237 1123 315 1166 och,
346 1123 430 1163 quod
457 1123 517 1164 egi,
541 1124 626 1163 quod
653 1124 795 1165 confregi
924 1124 1094 1157 Resolutus
1121 1128 1152 1156 et
1175 1126 1315 1165 pollutus

287 1170 453 1203 Castitatis
477 1171 612 1203 violam!
971 1171 1047 1204 Sum
1070 1181 1130 1213 per
1154 1172 1405 1217 immunditiam3

236 1218 330 1250 Meus
357 1218 482 1259 squalet
504 1227 589 1250 nunc
613 1219 773 1261 saphirus,
924 1219 1051 1251 Morum
1076 1218 1186 1251 florem
1210 1221 1362 1264 paradisi,

239 1265 264 1298 Ο
289 1265 406 1308 Maria,
432 1266 556 1305 pellens
581 1267 678 1308 virus,
925 1267 949 1299 O
975 1267 1091 1308 Maria,
1118 1276 1202 1299 nunc
1227 1269 1327 1308 amisi,

238 1312 321 1351 Heu,
349 1313 434 1353 quod
459 1312 533 1353 feci,
561 1315 644 1354 quod
671 1314 773 1347 abieci
927 1314 1092 1355 Och‚qu1d
1104 1315 1217 1356 dicam,
1232 1317 1316 1355 quod
1326 1317 1476 1358 pudicam

289 1360 437 1392 Nobilem
465 1362 634 1396 aureolam.
974 1362 1107 1394 Perdidi
1131 1363 1330 1397 munditiam.

526 1420 556 1452 9.
585 1419 609 1452 O
636 1419 742 1451 Maria
766 1418 914 1462 gratiosa,

582 1466 685 1508 Super
710 1475 818 1499 omnes
843 1467 999 1508 speciosa,

627 1515 770 1554 Impetra
793 1513 885 1545 nobis
913 1514 1050 1555 veniam3

580 1562 604 1594 O
630 1562 738 1594 Maria
762 1561 913 1601 gratiosa,

578 1609 701 1649 Dulcis,
727 1607 813 1641 mitis
841 1612 873 1640 et
897 1608 1047 1651 formosa,

626 1657 767 1698 Applica
792 1656 884 1688 nobis
909 1657 1061 1698 gratiam3

579 1704 603 1737 O
629 1705 737 1737 Maria
760 1704 911 1746 gloriosa,

577 1752 616 1784 In
640 1753 736 1785 caelis
763 1751 925 1795 deliciosa,

623 1801 759 1833 Praesta
783 1800 877 1832 nobis
902 1801 1046 1842 gloriam.

239 1865 320 1893 Orat.
350 1874 404 1894 ms.
434 1865 548 1894 Domus
576 1866 680 1894 Novae
707 1866 798 1894 Lucis
829 1867 899 1894 anni
933 1865 1015 1894 1477.
1046 1867 1116 1895 Cod.
1145 1868 1331 1897 Ultraiectin.
1359 1869 1478 1905 Scriptt.

156 1903 238 1931 Eccl.
260 1901 324 1932 375.
347 1921 385 1925 —
407 1902 431 1938 1,
454 1902 472 1932 3
492 1905 535 1933 Ut
553 1913 623 1933 nam
644 1914 709 1933 sum
728 1907 867 1933 maestus.

506 2026 566 2058 176.
597 2027 707 2059 Oratio
729 2026 770 2059 ad
789 2026 917 2059 beatam
939 2028 1070 2059 Mariam
1090 2027 1126 2058 V.

170 2097 201 2131 1.
228 2098 321 2139 Vale,
348 2098 449 2140 virgo,
476 2098 662 2139 angelorum
862 2100 893 2132 3.
921 2099 1128 2131 Peccatorem
1152 2099 1367 2138 paenitentem

277 2146 386 2187 Atque
410 2146 523 2178 mundi
550 2147 690 2190 domina,
967 2147 1017 2179 Ne
1044 2147 1175 2179 damnes
1201 2156 1258 2188 pro
1285 2148 1425 2187 crinnne,

229 2194 455 2227 Restauratrix
479 2194 690 2236 infirmorum,
919 2196 957 2227 In
982 2198 1014 2227 te
1037 2194 1100 2236 figo
1125 2203 1226 2226 meam
1253 2198 1400 2233 mentem,

274 2242 360 2274 Sana
384 2250 456 2274 mea
480 2242 569 2275 vitia.
967 2242 1042 2275 Noli
1067 2250 1118 2275 me
1143 2243 1332 2283 relinquere.

167 2302 198 2333 2.
226 2300 283 2332 Me
306 2300 486 2341 molestum,
514 2309 565 2332 me
591 2301 761 2341 lugentem,
859 2303 891 2334 4.
919 2300 1087 2341 Nunquam
1112 2300 1198 2332 sinas
1223 2308 1274 2331 me
1299 2300 1407 2339 perire

274 2348 333 2380 Pia
357 2349 470 2388 mater,
497 2349 633 2389 respice,
967 2349 1042 2381 Sine
1067 2347 1238 2389 adiutorio,

226 2397 312 2430 Sana
337 2395 371 2428 in
398 2399 431 2428 te
457 2395 680 2439 confidentem,
917 2396 974 2428 Me
1000 2396 1140 2437 digneris
1165 2394 1324 2439 exaudire,

273 2446 383 2478 Mater
406 2443 637 2485 indulgentiae.
965 2444 1097 2484 Quando
1123 2445 1155 2474 te
1180 2451 1346 2476 vocavero.
