1651 2700
643 158 690 163 ——
740 137 807 173 157
857 158 902 163 -

564 230 621 262 112.
655 231 698 262 De
719 230 814 262 beata
834 230 934 263 Maria
954 231 990 261 V.

133 299 163 332 1.
191 298 216 331 Ο
242 298 358 339 Maria,
385 300 475 341 virgo
500 300 564 343 pia,

191 346 301 378 Mater
325 347 397 386 Dei,
426 349 505 380 caeli
531 348 593 392 via,

240 395 435 435 Angelorum
464 396 607 437 domina,

189 441 246 474 Me
272 441 426 482 conforta,
454 452 505 475 me
531 442 679 486 defende,

193 488 313 521 Contra
340 490 449 522 hostes
474 500 601 524 manum
627 490 734 529 tende,

244 537 364 569 Delens
390 546 534 579 quaeque
558 539 647 571 vitia.

136 615 168 648 2.
195 613 221 645 O
247 613 364 652 Maria,
390 617 494 646 mater
517 614 609 654 lucis,

195 661 282 701 Quae
307 662 349 694 ad
374 661 481 693 lumen
506 671 564 694 nos
590 661 729 703 reducis,

243 709 324 742 Esto
348 708 425 740 mihi
450 709 592 751 praevia,

199 755 292 788 Servi
316 757 363 788 tui
387 765 500 796 preces
525 757 601 788 audi

192 803 238 835 Et
261 804 419 836 intentum
445 806 518 836 tuae
542 804 631 836 laudi

246 851 374 884 Christo
395 851 578 884 reconcilia.

132 939 165 971 3.
192 937 257 969 Ora
282 945 390 977 regem
412 938 500 968 tuum
525 938 645 978 natum,

192 985 238 1018 Ut
261 994 311 1016 me
335 983 445 1016 multis
470 983 667 1025 implicatum

242 1032 335 1064 Curis
361 1034 394 1062 et
419 1030 581 1064 erroribus

191 1079 349 1112 Mundum
374 1079 492 1111 reddat
515 1089 535 1111 a
561 1079 703 1118 peccatis

188 1126 232 1159 Et
256 1125 406 1159 infundat
427 1126 574 1158 veritatis

238 1173 364 1206 Lumen
386 1174 466 1205 meis
490 1173 647 1207 sensibus

822 304 853 335 4.
882 301 959 334 Cum
984 300 1113 333 fervore
1136 299 1265 340 pietatis

879 348 945 380 Det
968 356 1105 380 amorem
1127 347 1334 389 paupertatis,

927 397 990 429 Cor
1013 396 1165 427 mundum
1192 397 1224 425 et
1247 394 1374 436 humile,

881 443 944 476 Gor
969 443 1149 483 contritum,
1175 441 1375 482 abnegatum,

879 491 1025 532 Rectum,
1059 493 1193 530 gratum,
1224 488 1431 521 transforma-

1206 539 1283 580 tum,

928 586 1119 625 Patiensque
1135 583 1260 618 stabile.

845 669 852 676 .
878 641 988 674 Mores
1013 641 1083 682 pios
1109 645 1141 673 et
1164 641 1318 673 iucundos

878 689 925 721 Et
948 689 988 721 ab
1014 689 1099 722 omni
1120 690 1215 721 sorde
1238 689 1384 729 mund05‚

929 736 1011 776 Quos
1038 739 1171 768 exornet
1194 736 1308 776 pietas,

879 785 1070 824 Appetitum
1095 787 1296 816 aeternorum

879 831 924 863 Et
948 834 1164 871 contemptum
1187 831 1432 872 mundanorum,

928 879 993 912 Ubi
1018 882 1109 910 tanta
1133 878 1268 912 vanitas.

845 959 852 966 .
879 935 924 968 Et
948 935 1073 976 agenda
1098 936 1177 968 doce
1202 944 1306 976 nosse,

879 982 969 1015 Velle
992 983 1085 1014 simul
1111 985 1206 1023 atque
1229 991 1324 1022 posse

925 1031 988 1063 Pro
1005 1038 1066 1072 me,
1089 1030 1153 1070 pia,
1178 1030 1315 1071 postula,

879 1077 925 1109 Ut
949 1086 1019 1109 cum
1044 1078 1156 1108 mortis
1180 1077 1301 1109 solvam
1326 1077 1396 1108 iura

876 1124 933 1156 Me
956 1124 1110 1157 defendas
1136 1134 1154 1156 a
1178 1132 1329 1164 pressura

926 1173 989 1204 Per
1014 1174 1144 1205 aeterna
1168 1172 1306 1204 saecula.

195 1239 265 1267 Cod.
283 1239 456 1268 Gottwicen.
477 1237 523 1267 85.
545 1247 620 1267 saec.
637 1237 682 1267 16.
695 1238 730 1266 A.
746 1253 784 1257 —
800 1237 917 1273 Comer,
938 1238 1080 1274 Magnum
1097 1239 1328 1274 promptuarium
1350 1234 1431 1270 1645,

117 1288 145 1315 p.
174 1276 230 1307 212
257 1287 301 1314 sq.
326 1278 381 1306 mit
406 1278 457 1305 der
475 1278 614 1314 Angabe:
648 1278 695 1305 Ex
714 1276 833 1304 hortulo
855 1275 1022 1304 dovotionis
1042 1276 1179 1312 Hugonis
1201 1275 1430 1303 Carthusiensis.

119 1318 154 1345 B.
173 1331 213 1336 τ
231 1314 258 1351 4,
282 1315 297 1344 1
319 1317 451 1344 caritatis
472 1316 506 1344 B.

557 1473 610 1506 113.
641 1474 684 1506 De
704 1474 797 1505 beata
817 1472 928 1505 Maria.
950 1474 984 1505 V.

129 1557 160 1590 1.
188 1555 213 1590 O
240 1556 357 1597 Maria,
385 1555 476 1596 virgo
505 1554 572 1595 pia,

186 1603 290 1638 Stella
314 1603 423 1645 maris,
452 1603 533 1635 caeli
558 1602 621 1644 via,

231 1651 428 1692 Angelorum
454 1649 591 1693 domina,

184 1698 275 1739 Roga
302 1698 472 1742 Christum,
500 1699 602 1731 Deum
627 1698 742 1741 vivum,

188 1745 234 1780 Ut
258 1747 417 1786 perducat
442 1755 494 1778 me
519 1746 681 1785 captivum

232 1795 286 1827 Ad
315 1794 474 1827 caelorum
500 1794 636 1835 agmina.

130 1870 163 1902 2.
190 1869 215 1903 Ο
239 1870 356 1911 Maria,
383 1878 439 1901 vas
464 1870 605 1911 honoriS,

184 1916 351 1950 Medicina
375 1919 564 1959 peccatoris,

230 1964 430 1998 Advocatrix
455 1973 643 2007 pauperum,

185 2013 277 2055 Roga
300 2014 418 2057 Iesum,
444 2013 533 2054 pium
557 2021 676 2055 regem,

185 2060 232 2096 Ut
255 2061 297 2093 ad
322 2062 415 2094 illum
441 2062 523 2094 caeli
547 2070 675 2102 gregem

232 2109 395 2142 Perducat
418 2119 470 2142 me
492 2110 654 2143 miserum.

123 2188 154 2220 3.
183 2188 209 2221 O
233 2186 352 2228 Maria,
379 2186 461 2219 caeli
487 2186 597 2228 clavis,

183 2235 298 2268 Dulcis
323 2236 427 2267 mater
450 2238 482 2267 et
506 2235 623 2279 suavis,

228 2283 377 2316 Dolentis
401 2283 568 2325 solacium,

178 2331 236 2365 Me
260 2331 319 2364 suh
344 2334 401 2364 tua
425 2341 509 2372 pone
534 2340 623 2371 cura,

177 2379 300 2413 Libera
323 2389 385 2421 me,
411 2379 501 2421 virgo
527 2389 619 2421 pura,

225 2429 324 2462 Placa
346 2427 425 2461 mihi
449 2427 562 2464 filium.

817 1557 848 1588 4.
875 1554 900 1587 Ο
927 1554 1041 1596 Maria,
1070 1557 1182 1586 sancta
1206 1562 1332 1596 parens,

875 1602 953 1634 Flos
981 1603 1020 1635 de
1045 1602 1139 1642 spina
1163 1601 1255 1642 spina
1282 1609 1405 1640 carens,

921 1650 1072 1690 Pulchra,
1100 1649 1170 1681 sine
1200 1649 1335 1690 macula,

875 1697 976 1730 Serva
998 1697 1059 1729 tibi
1085 1696 1349 1739 commendatum,

874 1746 1026 1778 Illumina
1050 1745 1262 1785 tenebratum,

920 1794 998 1826 Mea
1021 1793 1111 1826 solve
1135 1793 1273 1826 vincula.

838 1896 846 1904 .
874 1870 899 1902 Ο
923 1870 1042 1910 Maria,
1067 1870 1222 1910 templum
1247 1869 1317 1913 Dei,

873 1917 1124 1950 Firmamentum
1149 1919 1280 1950 nostrae
1303 1917 1384 1959 spei,

920 1966 1056 1999 Pietatis
1083 1964 1212 2006 femina,

873 2014 962 2045 Audi
985 2022 1099 2054 preces
1121 2013 1216 2046 liuius
1241 2013 1298 2057 rei,

873 2060 992 2094 Sordes
1014 2071 1118 2102 purga
1143 2060 1249 2094 cordis
1274 2062 1350 2104 mei,

919 2110 1043 2143 Relaxa
1067 2109 1263 2149 peccamina.

838 2210 846 2219 .
873 2185 898 2218 Ο
923 2186 1040 2230 Maria,
1064 2185 1135 2219 Deo
1161 2188 1261 2229 grata,

872 2234 897 2267 O
923 2236 973 2266 ter
999 2236 1174 2275 quaterque
1199 2234 1303 2276 beata,

919 2283 1020 2315 Plena
1044 2282 1107 2314 Dei
1132 2282 1245 2323 gratia,

869 2330 1000 2364 Adiuva
1020 2339 1081 2374 me,
1108 2331 1198 2372 virgo
1225 2329 1375 2372 clemens,

870 2378 921 2412 Ne
944 2388 997 2411 me
1020 2388 1079 2412 sua
1103 2379 1153 2410 leo
1177 2378 1316 2410 fremens

916 2427 1040 2461 Trahat
1063 2427 1106 2460 ad
1131 2425 1304 2467 supplicia.
