1651 2700
720 154 981 192 —-204-

636 307 694 339 157.
724 306 768 337 De
787 304 882 335 beata
900 302 1002 334 Maria
1023 302 1059 332 V.

549 378 581 411 1.
608 376 711 414 Salve,
738 373 827 414 virgo
851 372 1000 414 gloriosa,

655 423 735 464 Ave,
759 421 871 453 mundi
897 420 1035 464 domina,

607 470 696 510 Vale,
721 470 824 501 mater
848 475 1011 509 generosa,

654 516 775 559 Gaude,
803 516 899 555 plena
923 515 1037 555 gratia.

213 581 243 611 2.
271 578 458 609 Peccatores
484 577 516 607 et
540 573 625 606 beati
915 572 947 605 9.
971 571 1113 611 Propter
1137 573 1225 602 tuam
1248 568 1424 601 bonitatem

268 625 315 656 Te
340 623 523 655 collaudant
546 620 689 659 adunati,
973 618 1057 651 Sana
1081 617 1197 650 mentis
1221 616 1414 657 pravitatem

268 671 326 711 Tu,
353 679 445 710 quam
471 670 609 700 clamant
632 665 787 698 tribulati.
972 666 1062 706 Vale,
1090 666 1213 699 donans
1238 663 1419 697 sanitatem.

214 730 245 761 3.
272 728 368 767 Virgo
394 729 512 763 sancta,
537 725 646 756 lucens
672 723 734 756 via.
893 723 947 756 10.
973 723 1027 755 Ad
1048 725 1081 754 te
1107 723 1217 760 clamo,
1242 720 1337 753 nimis
1361 721 1426 761 pia,

265 774 311 805 Te
336 773 472 806 adorant
494 772 542 804 sol
568 775 601 803 et
623 771 709 811 luna,
971 770 1020 803 Tu
1044 770 1190 802 caelestis
1215 768 1407 810 hierarchia,

267 821 326 858 Tu,
352 829 445 861 quam
463 821 603 851 clamant
618 827 728 851 omnes
743 826 818 850 una.
970 818 1061 858 Vale,
1087 817 1189 858 virgo,
1214 825 1233 848 o
1257 816 1376 849 Maria.

210 880 243 911 4.
271 878 359 909 Piam
385 886 494 908 aurem
519 876 582 907 huc
605 875 734 916 inclina,
891 873 946 907 11.
975 874 1024 906 Tu
1049 874 1160 914 regina
1184 873 1341 905 honorata

265 924 345 957 Esto
370 924 447 955 mihi
473 923 643 964 medicina,
970 921 1092 964 DulciS,
1121 921 1259 953 clemens
1285 923 1318 952 et
1342 919 1444 963 beata,

268 972 327 1012 Tu,
355 980 434 1012 quae
459 980 567 1003 servas
592 980 611 1003 a
636 970 738 1002 ruina.
970 969 1030 1010 Tu,
1050 977 1132 1008 quae
1149 968 1272 1000 cunctis
1287 967 1387 1000 donas
1400 969 1503 1008 grata.

208 1031 238 1062 5.
264 1029 313 1060 Tu
337 1027 492 1061 reformes
517 1028 550 1059 in
578 1035 727 1066 amorem,
890 1027 943 1060 12.
971 1025 1120 1058 Paradisi
1145 1033 1222 1058 vera
1247 1024 1357 1065 clavis,

266 1076 363 1114 Quem
389 1074 507 1108 offendi
532 1078 718 1115 creatorem,
968 1072 1063 1105 Felix
1088 1076 1193 1112 porta,
1219 1074 1289 1104 tuta
1312 1072 1415 1114 navis,

265 1123 323 1161 Tu,
350 1131 431 1163 quae
454 1122 546 1154 audis
571 1125 782 1161 peccatorem.
971 1120 1030 1161 Tu,
1045 1128 1293 1159 quaenunquam
1305 1119 1499 1159 dedignaris.

209 1183 240 1214 6.
267 1179 450 1220 Deprecare
475 1178 595 1211 vultum
621 1177 681 1210 Dei
892 1176 944 1210 13.
972 1175 1179 1208 Defensatrix
1205 1185 1225 1207 a
1249 1176 1351 1214 ruina,

265 1227 330 1258 Pro
354 1226 458 1258 salute
483 1225 577 1257 huius
601 1225 660 1266 rei,
971 1224 1130 1256 Liberare
1152 1232 1211 1256 nos
1235 1222 1365 1264 festina,

268 1274 326 1312 Tu,
353 1282 433 1314 quae
457 1276 559 1304 mater
583 1272 670 1304 sistis
697 1273 737 1307 ei.
973 1271 1032 1313 Tu,
1058 1279 1139 1310 quae
1164 1270 1244 1302 caeli
1270 1279 1303 1302 es
1327 1271 1448 1310 regina.

210 1333 241 1364 ¹7.
268 1331 331 1362 Per
357 1330 505 1363 virtutem
531 1332 660 1361 sanctae
685 1330 787 1361 crucis
891 1329 946 1361 14.
971 1328 1079 1360 Mater
1104 1331 1193 1360 casta
1218 1330 1250 1359 et
1276 1328 1404 1368 decora,

268 1378 315 1409 Te
341 1378 512 1409 clamantes
535 1376 576 1408 ad
601 1380 633 1407 te
660 1376 760 1417 ducis,
974 1376 1063 1416 Roga
1088 1384 1147 1414 pro
1172 1383 1224 1406 me
1246 1375 1315 1407 sine
1339 1384 1439 1415 mora,

268 1425 326 1465 Tu,
354 1433 433 1465 quae
457 1423 544 1456 sistis
569 1424 621 1455 via
645 1423 736 1457 lucis.
973 1423 1031 1462 Tu,
1059 1431 1140 1462 quae
1164 1424 1254 1455 iuvas
1279 1422 1365 1454 omni
1389 1423 1479 1455 hora.

213 1483 245 1515 8.
270 1481 431 1520 virtuosa,
456 1484 524 1512 tota
550 1480 649 1521 clara,
892 1481 947 1514 15.
973 1480 1123 1511 Virtuosa
1147 1488 1166 1511 o
1190 1480 1309 1522 puella,

268 1527 372 1560 Aufer
398 1528 502 1559 cordis
526 1537 610 1558 nunc
634 1536 752 1569 amara,
974 1527 1044 1566 Pia,
1072 1526 1174 1558 dulcis
1201 1527 1272 1567 plus
1289 1536 1383 1567 quam
1396 1526 1504 1568 mella,

271 1575 331 1615 Tu,
359 1583 438 1616 quae
463 1575 531 1607 Deo
555 1583 587 1605 es
612 1578 677 1607 tam
704 1583 787 1607 cara.
975 1574 1067 1616 Vale,
1094 1574 1182 1606 clara
1205 1574 1303 1606 maris
1329 1575 1435 1606 stella.

552 1631 607 1663 16.
633 1630 835 1663 Dominatrix
858 1631 1055 1671 angelorum,

632 1677 814 1718 Martyrum
848 1680 943 1718 atque
967 1680 1159 1719 sanctorum,

634 1724 693 1765 Tu,
719 1733 800 1765 quae
823 1728 918 1765 porta
942 1733 975 1756 es
992 1725 1161 1758 caelorum.

278 1791 357 1818 Orat.
377 1797 430 1816 ms.
449 1789 562 1816 Domus
581 1789 683 1817 Novae
697 1789 788 1817 Lucis
810 1790 880 1816 anni
902 1787 984 1817 1477.
1008 1789 1077 1817 Cod.
1092 1789 1277 1817 Ultraiectin.
1293 1789 1411 1826 Scriptt.
1425 1789 1508 1818 Eccl.

201 1826 265 1857 375.
287 1843 322 1846 —
343 1826 369 1862 3,
386 1825 400 1853 1
417 1827 463 1854 Da
475 1829 569 1863 virgo.
587 1842 624 1846 —
644 1824 670 1860 9,
686 1825 703 1855 3
717 1827 791 1864 folgt
803 1827 879 1854 noch
891 1827 984 1863 Virgo
1000 1830 1153 1863 praestans
1168 1829 1364 1855 sanctitatem.
1377 1842 1414 1847 —
1430 1826 1474 1862 12,
1488 1827 1507 1856 2

200 1867 249 1894 Da
267 1866 406 1902 paradisi.
420 1880 459 1884 —
474 1863 517 1897 16,
532 1862 550 1891 2
566 1867 595 1892 et
608 1868 782 1893 sanctorum.
797 1879 834 1883 —
846 1865 903 1893 Am
916 1865 1069 1893 Schlusse:
1092 1865 1285 1902 „Quicunque
1299 1865 1508 1894 salutationem

202 1906 290 1932 istam
310 1904 412 1931 saltem
432 1902 521 1931 semel
535 1904 566 1929 in
579 1903 626 1931 die
642 1903 679 1930 ad
691 1904 818 1931 nominis
831 1905 875 1931 tui
886 1903 1005 1932 laudem
1019 1904 1183 1940 dixeritque
1196 1904 1309 1939 devote,
1331 1905 1357 1931 si
1371 1906 1403 1932 in
1415 1904 1507 1933 tribu-

202 1942 321 1975 latione,
342 1941 515 1975 consoletur,
537 1942 563 1968 si
582 1944 614 1968 in
634 1943 832 1978 temptatione,
852 1941 1002 1976 liberetur,
1024 1942 1052 1971 si
1072 1943 1104 1969 in
1123 1950 1264 1976 maerore,
1285 1941 1438 1971 laetetur.“

545 2023 607 2055 158.
638 2022 744 2055 Oratio
766 2023 807 2055 ad
826 2022 952 2056 beatam
971 2024 1102 2057 Mariam
1120 2025 1158 2056 V.

217 2095 248 2128 1.
275 2093 379 2134 Salve,
406 2093 495 2134 virgo
519 2097 622 2126 mater
646 2093 776 2134 Christi,
896 2097 927 2128 2.
955 2092 980 2129 Ο
1006 2095 1114 2127 Maria
1137 2095 1360 2135 languidorum

320 2141 383 2173 Pro
405 2149 457 2172 me
480 2143 588 2173 natum
613 2141 769 2181 supplica,
999 2143 1112 2175 Dulcis
1138 2143 1325 2182 consolatio,

275 2188 373 2227 Quem
396 2188 533 2228 lactasti,
559 2197 652 2228 quem
676 2187 786 2221 fovisti
954 2189 1003 2222 Tu
1027 2190 1169 2223 adiutrix
1193 2190 1394 2234 miserorum,

323 2235 391 2268 Sibi
415 2236 572 2275 praebens
596 2236 706 2277 ubera,
1000 2237 1084 2270 Mihi
1109 2238 1153 2270 sis
1176 2238 1348 2280 protectio,

278 2283 468 2315 Morientem
493 2291 585 2323 quem
608 2283 718 2315 vidisti
953 2285 1141 2318 Miseratrix
1163 2285 1365 2327 miserorum,

323 2331 388 2364 Pro
412 2333 521 2363 nostra
542 2330 680 2369 miseria,
1002 2332 1057 2366 Ad
1081 2336 1114 2364 te
1138 2334 1236 2365 miser
1257 2332 1356 2375 fugio,

276 2378 441 2411 Peccatori
464 2377 542 2410 mihi
566 2378 663 2419 tristi,
956 2380 1048 2412 Tolle
1073 2381 1198 2420 pondus
1223 2383 1439 2423 peccatorum,

322 2427 370 2460 Ut
393 2426 491 2458 donet
513 2425 665 2458 remedia.
1004 2428 1097 2468 Quod
1119 2428 1271 2468 indignus
1294 2428 1437 2469 profero,
