1651 2700
260 269 315 302 38.
340 270 427 302 Audi
455 273 594 303 nostram

390 326 509 357 vocem,
535 317 689 357 piissima,

341 364 437 405 Virgo
461 364 547 397 mitis

388 415 420 444 et
445 410 696 450 clementissima,

342 460 538 493 Delie-,torum

387 508 418 539 vi
442 506 546 547 pressi
568 504 705 538 maxima

337 553 385 587 Te
413 562 590 594 precamur,

384 604 564 633 sanctorum
589 598 716 641 optima.

256 678 310 710 39.
336 677 397 709 Dei
419 679 530 716 mater,

383 732 402 755 o
426 724 515 764 virgo
539 722 707 764 virginum,

338 772 424 810 Quae
446 770 582 810 portasti

384 818 519 850 salutem
542 817 713 856 hominum,

336 865 420 897 Vera
446 865 565 897 cunctis

381 921 454 952 spes
485 912 739 955 medicaminum,

336 959 403 992 Nos
429 969 569 1001 expurga

382 1016 401 1039 a
425 1008 498 1040 labe
523 1008 697 1042 criminum.

253 1083 311 1116 40.
335 1084 375 1115 In
398 1085 441 1126 te,
465 1084 566 1124 virgo,

382 1139 454 1170 spes
479 1133 590 1163 nostra
609 1132 748 1175 ponitur,

334 1179 396 1210 Per
420 1187 512 1218 quan]
541 1178 673 1211 daemon

383 1233 423 1257 ex
446 1228 515 1258 toto
538 1226 684 1270 vincitur,

334 1273 415 1305 Nam
441 1273 527 1305 illius

383 1323 478 1360 caput
502 1322 685 1365 conteritur,

334 1368 402 1400 Tuo
427 1370 510 1408 pede

383 1416 526 1455 captivus
548 1418 713 1457 premitur.

253 1492 308 1524 41.
334 1491 506 1524 Erubescit

382 1538 510 1572 humani
534 1541 658 1580 generis

331 1586 442 1619 Hostis
466 1596 600 1627 nequam

381 1636 413 1665 et
436 1638 546 1666 auctor
569 1636 708 1677 sceleris,

334 1680 393 1720 Qui
418 1682 600 1714 coniunctus

381 1729 518 1767 primum
543 1739 612 1762 cum
637 1732 761 1771 superis

335 1775 460 1815 Lapsus
486 1776 549 1809 ruit

380 1823 413 1854 in
438 1824 500 1857 ima
525 1825 672 1859 carceris,

257 1899 313 1931 42.
338 1899 384 1930 Et
406 1902 451 1940 tu,
476 1902 577 1944 virgo,

381 1946 501 1980 laetare
524 1951 669 1994 maxime,

337 1994 420 2033 Quae
445 1996 491 2027 sic
514 1996 661 2030 thronum

384 2042 469 2074 sedis
493 2044 666 2078 altissimae

336 2088 381 2121 Es
406 2090 524 2130 adepta

383 2136 491 2169 vivens
515 2138 699 2181 humillime,

337 2184 454 2216 Hostes
478 2188 604 2218 nostros

382 2235 529 2270 potenter
553 2235 734 2275 comprime.

256 2309 309 2341 43.
333 2308 525 2341 Miraculum

380 2365 528 2397 magnum
552 2358 747 2392 ostenditur:

334 2404 435 2436 Terra
458 2405 570 2446 surgit,

383 2453 514 2493 spiritus
538 2453 666 2495 labitur,

780 166 1016 202 —70—

1020 263 1083 296 Illa
1106 261 1234 303 gaudet,

1068 309 1130 341 iste
1155 307 1370 349 confunditur,

1019 357 1082 390 Illa
1106 355 1193 399 vivit,
1287 354 1292 359 '

1068 407 1101 436 et
1123 404 1186 436 iste
1209 403 1355 436 moritur.

937 483 992 515 44.
1015 482 1118 515 Stella
1140 480 1261 513 micans

1065 530 1163 569 plena
1191 526 1380 571 fulgoribus,

1019 576 1111 609 Viam
1135 576 1294 617 praebens

1064 627 1097 656 te
1123 624 1330 667 intuentibus,

1016 672 1216 705 Emundatos

1066 718 1232 761 culparum
1255 720 1404 753 sordibus

1016 767 1084 801 Nos
1110 768 1247 802 catervis

1062 816 1158 857 iunge
1183 816 1386 850 caelestibus.

934 893 990 927 45.
1017 892 1114 933 Virgo
1138 895 1259 933 sancta,

1062 949 1143 980 quae
1165 949 1229 973 non
1255 950 1294 974 ex
1319 941 1440 974 semine

1017 987 1199 1029 Concepisti

1063 1036 1121 1068 sed
1146 1039 1256 1069 sancto
1280 1036 1408 1070 flamine

1015 1084 1122 1116 Iesum
1147 1083 1320 1124 Christum,

1063 1134 1244 1164 sanctorum
1268 1133 1394 1174 agmine

1016 1177 1083 1211 Nos
1109 1180 1232 1212 colloca

1064 1229 1119 1260 tuo
1148 1227 1320 1263 iuvamine.

933 1303 989 1336 46.
1017 1303 1117 1344 Virga
1140 1305 1261 1348 Aaron,

1063 1360 1146 1392 quae
1168 1352 1377 1386 tabernaculo

1016 1398 1172 1432 Floruisti

1064 1450 1154 1480 tanto
1178 1448 1343 1493 miraculo,

1016 1494 1172 1528 Fructum
1190 1497 1351 1536 praebens

1067 1544 1194 1583 captivo
1220 1544 1346 1577 saeculo

1017 1590 1123 1623 Vitam
1147 1595 1202 1624 tuo

1061 1639 1182 1680 largire
1206 1642 1336 1681 populo.

933 1715 990 1747 47.
1016 1715 1116 1756 Virga
1140 1717 1237 1757 Iesse,

1062 1765 1165 1804 regali
1193 1773 1320 1807 genere,

1017 1811 1113 1845 Cuius
1139 1812 1258 1853 gaudet

1063 1860 1248 1902 redemptus
1273 1871 1405 1895 munere

1014 1908 1114 1940 Totus
1138 1909 1286 1955 mundus,

1060 1956 1093 1987 in
1117 1956 1238 1990 Christi
1262 1958 1395 1992 vulnere

1013 2003 1123 2036 Vitam
1148 2005 1228 2038 velis'

1061 2051 1153 2085 nobis
1178 2054 1354 2093 acquirere.

930 2126 984 2159 48.
1012 2127 1205 2170 Deprecare,

1064 2179 1246 2209 sanctorum
1270 2179 1433 2221 gaudium,

1014 2223 1126 2264 Tuum,
1153 2227 1264 2256 sancta

1059 2271 1177 2314 puella,
1203 2270 1315 2316 filium,

1014 2318 1060 2351 Ut
1084 2327 1142 2350 nos
1168 2319 1278 2360 iungat

1061 2366 1149 2405 gregi
1176 2367 1359 2402 caelestium

1013 2412 1121 2444 Bonus
1146 2417 1256 2453 pastor

1063 2463 1244 2494 sanctorum
1270 2465 1385 2500 ovium.
