1651 2700
744 201 1001 237 ——118—

258 300 290 332 9.
317 299 394 332 Cum
417 303 451 332 te
474 300 571 340 Deus,
597 302 690 341 pater
713 307 810 341 meus,
1041 298 1137 330 valde
1164 298 1342 341 criminosa,

362 347 509 387 primitus
534 349 694 390 genuerat,
994 343 1085 377 Infra
1109 344 1240 376 trahunt
1264 345 1427 385 barathra,

318 393 396 426 Cum
420 398 451 425 te
475 394 573 432 Deus,
596 396 689 425 natus
716 392 791 436 eim,
1043 401 1060 424 o
1087 392 1187 432 virgo,
1214 392 1369 425 luctuosa.

362 442 511 473 mundum
538 442 766 480 composuerat’
911 458 965 491 15.
992 458 1096 497 Supra
1122 458 1225 490 caelos
1250 458 1395 490 residens

316 489 392 521 Cum
410 491 443 541 te
458 488 556 529 Deus,
582 496 718 527 pneuma
736 495 839 530 verus,
1039 505 1166 536 attrahe
1190 508 1361 547 gementes,

362 536 518 567 hommem
545 535 706 566 docuerat·
993 552 1096 593 Supra
1121 555 1162 594 te,
1191 561 1209 584 o
1232 553 1430 594 praenitens,

235 601 289 634 10.
318 601 422 633 Laeve
446 604 565 632 stantes
591 599 759 639 pravitatis
1038 601 1113 630 sunt
1133 599 1247 631 stellae
1265 600 1521 640 resplendentes,

361 648 452 679 trahe
478 648 518 679 de
542 647 715 688 conamine,
991 645 1096 687 Supra
1119 655 1177 678 nos
1203 649 1251 678 est
1271 647 1415 679 insidens

313 694 437 727 Laevae
461 704 571 726 manus
594 694 724 734 pietatis
1040 694 1154 725 horror
1177 695 1289 726 mortis
1314 693 1438 727 flentes.

361 742 510 773 dextrent
533 750 590 773 nos
616 741 768 780 oramine,
910 759 964 793 16.
991 760 1061 791 Dua
1082 760 1110 791 si
1136 761 1321 800 despexeris

312 788 399 820 Leve
423 797 501 820 onus
526 789 692 828 gravitatis

359 834 396 867 fit
419 838 472 867 tuo
498 836 709 868 adiuvamine.
1036 807 1070 838 in
1095 808 1266 840 lacrimosa
1290 809 1384 851 νῶθ’

991 855 1061 886 lma
1084 855 1112 887 si
1137 856 1320 897 respexeris

230 900 284 934 11.
311 901 453 933 Dextrae
477 901 530 933 fae
554 902 712 945 assistere,
1037 903 1070 934 in
1096 903 1248 943 argillosa
1270 904 1362 947 ealle,

359 948 409 980 cui
432 951 467 980 tu
492 949 625 989 assistis,
989 950 1059 982 Ima
1082 951 1110 981 si
1135 949 1308 983 adduxeris

310 995 453 1028 Dextrae
478 997 520 1028 da
543 996 703 1036 resistere,
1037 998 1070 1029 in
1095 999 1249 1038 gaudiosa
1272 999 1379 1038 valde,

359 1052 409 1075 ⁰¹¹¹
432 1046 468 1075 tu
492 1044 631 1083 ObfflS‘ssS’
909 1063 963 1097 17.
991 1064 1121 1096 Summa
1145 1067 1274 1096 sumunt
1297 1066 1416 1106 gaudia

310 1090 453 1123 Dextrae
474 1091 537 1123 Dei
561 1092 674 1123 sistere

359 1139 457 1180 digito
481 1148 538 1170 nos
563 1139 666 1172 histis,
1038 1121 1058 1143 a
1078 1114 1121 1151 ἴθ’
1144 1112 1292 1152 inbilosa'

991 1158 1121 1191 Summa
1143 1162 1253 1191 nostra
1273 1161 1407 1203 scelera,

229 1205 283 1238 12.
310 1204 408 1237 Retro
433 1206 536 1245 pressi
560 1206 703 1245 pondere
1036 1209 1131 1248 turpe
1154 1207 1311 1251 nubilosa,

357 1252 448 1283 molis
473 1253 713 1292 perimmensae‚
990 1253 1119 1286 Summa
1143 1255 1305 1296 princeps,
1331 1257 1446 1296 rogita,

309 1299 407 1331 Retro
432 1300 544 1340 puncti
569 1300 700 1331 crimine
1035 1305 1073 1332 ut
1095 1300 1176 1333 fiant
1198 1302 1366 1336 luminosa.

357 1347 463 1378 0οΥὼὸ
487 1350 538 1379 sat
560 1350 695 1387 moense’
907 1369 962 1401 18.
987 1368 1099 1400 Media
1124 1377 1194 1400 cum
1219 1370 1365 1402 terminis

307 1393 406 1425 Retro
432 1395 510 1426 teeti
533 1395 679 1427 dominae

355 1441 421 1473 Sint
443 1442 475 1474 Vi
499 1442 595 1475 valde
616 1445 706 1474 tense
1037 1416 1178 1448 eiusdem
1202 1420 1278 1449 sunt
1300 1420 1444 1462 naturae,

986 1463 1098 1495 Media
1119 1464 1195 1496 hine
1220 1466 1360 1498 cerneris

228 1507 283 1539 13.
308 1507 394 1539 Ante
419 1511 552 1540 cernunt
576 1509 703 1540 tremuli
1036 1510 1104 1543 Deo
1131 1515 1163 1543 et
1187 1516 1364 1557 creaturae,

357 1555 474 1587 delicta
497 1556 561 1587 iam
587 1557 762 1599 commissa,
984 1558 1097 1591 Media
1120 1568 1188 1601 nos,
1215 1561 1349 1601 virginis

307 1602 393 1633 Ante
416 1605 550 1635 matrem
573 1603 703 1635 Domini
1034 1610 1176 1645 potestas
1202 1609 1377 1648 geniturae.

354 1652 462 1681 actam
485 1659 569 1682 nunc
594 1660 719 1692 ‘mussa’
907 1672 960 1705 19.
988 1672 1105 1713 Prima,
1133 1683 1214 1713 quae
1237 1684 1302 1707 non
1328 1676 1465 1708 similem

307 1696 393 1727 Ante
421 1698 514 1728 strati
539 1696 650 1730 famuli

355 1744 518 1775 salventur
540 1745 579 1776 ab
604 1745 754 1778 admissa.
1038 1720 1157 1752 habere
1179 1724 1324 1765 potms'U,

987 1768 1107 1808 Prima,
1135 1777 1215 1809 quae
1230 1769 1334 1802 Deum
1360 1771 1519 1804 hominem

227 1810 281 1841 14.
308 1808 399 1841 Infra
423 1812 456 1841 te
479 1814 553 1842 sunt
577 1820 702 1851 agmma
1035 1814 1107 1847 fore
1131 1817 1270 1860 voluisti,

356 1858 435 1889 caeli
460 1856 625 1900 famulosa‚
987 1863 1096 1895 Prima
1120 1873 1209 1895 reum
1234 1865 1394 1899 hominem

305 1903 396 1937 Infra
419 1914 476 1937 nos
501 1909 575 1937 sunt
598 1905 756 1947 fragmina
1033 1920 1174 1953 purgare
1196 1913 1351 1946 meruisti.

289 1968 358 1996 Cod.
379 1969 518 1998 Graeeen.
539 1969 603 1999 347.
625 1980 700 2000 saec.
723 1971 767 2000 14.
787 1988 825 1992 —
845 1972 873 2009 4,
894 1971 911 2001 3
933 1983 1002 2011 eops
1022 1977 1147 2012 piscina.

658 2073 705 2104 82.
735 2074 778 2105 De
795 2074 892 2106 beata
910 2075 1011 2107 Maria
1033 2078 1069 2109 V.

226 2138 257 2173 1.
282 2135 424 2172 Iubilose
447 2142 635 2184 resonando,
904 2149 936 2180 2.
964 2144 1139 2181 Honestate
1166 2150 1328 2193 decorat-a,

283 2185 438 2218 Serenose
461 2189 701 2230 promulgando,
964 2194 1105 2228 Caritate
1129 2200 1307 2240 penetrata,

282 2234 438 2265 Amorose
463 2235 661 2268 decantando
961 2242 999 2274 In
1022 2252 1130 2275 amore
1154 2245 1303 2290 solidata,

329 2281 475 2313 Laudum
501 2283 730 2326 excellentiam,
1009 2291 1194 2323 venustatis
1222 2292 1399 2340 flosculum,

284 2324 406 2368 Optans
428 2329 491 2360 rite
513 2330 696 2375 puritatem,
960 2334 1138 2377 Alligatrix
1161 2340 1314 2382 animosa,

283 2375 512 2409 Commendare
538 2377 733 2422 dignitatem,
963 2385 1188 2425 Amplexatrix
1213 2390 1369 2434 speciosa,

281 2424 455 2457 Amatrieis
481 2425 646 2457 caritatem
962 2431 999 2463 In
1027 2432 1142 2465 vinetis
1166 2443 1304 2469 vernans
1329 2447 1414 2482 rosa,

329 2472 399 2504 Nee
421 2482 485 2504 non
511 2472 744 2507 confidentiam.
1011 2479 1114 2512 Dulce
1138 2483 1297 2521 praebens
1323 2488 1477 2523 osculum.
