1651 2700
666 129 924 165 —167-

491 225 522 258 7.
550 225 656 258 Corde
680 227 834 266 prudens,
861 235 917 258 ore
938 227 1070 260 studens

594 273 776 307 Veritatem
800 274 917 315 dicere,

551 321 675 353 Malum
700 322 823 364 nolens,
849 322 952 354 Deum
976 321 1083 354 colens

598 369 657 401 Pio
684 377 812 409 semper
836 378 942 409 opere.

218 439 300 467 Orat.
333 449 386 468 ms.
424 441 559 470 Carthus.
589 443 821 472 Hildesheimen.
853 452 928 472 saec.
961 443 1006 472 15.
1054 443 1124 472 Cod.
1153 444 1307 480 Iosephini
1335 444 1454 472 Hildes-

135 476 263 506 heimen.
283 475 302 506 3
322 476 371 515 (6).

590 582 651 614 126.
680 582 724 613 De
744 582 840 614 beata
860 582 962 614 Maria
980 583 1017 615 V.

152 650 182 682 1.
209 651 310 683 Pater
333 660 439 693 ymon,
467 661 486 683 a
511 661 572 692 quo
596 652 732 684 mundus
866 653 898 686 7.
923 653 1040 685 Trinus
1065 653 1152 686 Deus
1176 655 1210 686 in
1235 655 1391 693 personis,

255 699 327 738 lege
350 698 443 732 firma
466 700 600 741 regitur,

209 745 240 777 A
266 754 327 785 quo
354 750 443 779 certa
465 747 592 780 ratione

255 793 393 834 benigne
419 795 609 836 disponitur,

205 841 308 873 Parce
332 841 431 882 plebi,
458 850 539 881 quae
563 851 582 874 a
608 842 735 875 Christo

253 888 428 921 christiana
453 888 584 922 dicitur.

172 980 180 987 .
205 954 346 996 Adonai,
372 955 413 987 ab
438 954 558 988 inferni

256 1000 395 1035 defende
418 1003 575 1044 periculo,

206 1051 291 1090 Quos
318 1050 429 1082 dilecti
453 1052 621 1083 sacravisti

255 1095 315 1130 filii
338 1098 506 1138 vocabulo,

208 1145 292 1184 Quos
319 1145 460 1177 eiusdem
485 1145 650 1177 redemisti

255 1192 377 1224 salubri
401 1192 555 1233 patibulo.

173 1283 181 1292 .
208 1258 274 1291 Fili
297 1258 369 1301 Dei,
396 1260 470 1292 Iesu
496 1259 634 1301 Christe,

257 1306 437 1339 dominator
464 1307 601 1350 domine,

208 1355 268 1394 Qui
293 1362 352 1393 pro
378 1354 487 1386 mundi
513 1355 671 1387 medicina

255 1404 350 1433 natus
378 1411 411 1433 es
438 1403 479 1434 de
504 1402 637 1443 virgine,

209 1449 307 1481 Placa
330 1450 418 1489 patri
441 1458 510 1490 nos,
537 1458 614 1490 quos
639 1452 694 1481 tuo

252 1496 418 1529 redemisti
442 1497 607 1538 sanguine.

172 1589 180 1596 .
207 1564 387 1595 Athanatos
411 1563 572 1596 mediator

252 1610 316 1644 Dei
338 1614 435 1652 atque
459 1611 632 1655 hominum,

204 1659 316 1691 Firma
339 1662 469 1699 pactum
489 1660 580 1699 pacis
605 1658 698 1691 huius

252 1707 337 1739 inter
361 1716 419 1739 nos
446 1709 478 1739 et
498 1706 681 1747 Dominum,

205 1755 256 1787 Ne
280 1755 445 1796 privemur
469 1764 567 1796 regno
594 1755 655 1788 Dei

252 1811 311 1844 pro
337 1803 504 1836 commisso
531 1803 708 1836 criminum.

169 1894 178 1902 .
202 1870 265 1909 Qui
287 1870 439 1909 procedis
464 1869 504 1901 ab
531 1872 677 1911 utroque,

252 1917 409 1958 paraclite
435 1917 579 1961 spiritus,

206 1965 302 1998 Cuius
326 1965 410 2006 ignis
433 1963 645 1998 inflammavit

253 2012 366 2045 fideles
393 2013 556 2054 divinitus,

204 2061 277 2094 Hoc
301 2061 416 2094 eodem
438 2065 566 2094 nostras
590 2061 703 2094 sordes

252 2110 326 2151 igne
352 2118 458 2143 crema
482 2110 640 2151 stirpitus.

169 2202 178 2211 .
204 2179 277 2211 Hoc
301 2177 414 2210 eodem
438 2178 554 2210 mentis
578 2181 709 2211 nostrae

251 2225 359 2258 oculos
384 2226 540 2267 illumina,

202 2275 276 2307 Hoc
301 2274 413 2307 eodem
438 2283 549 2307 sensus
574 2278 701 2307 nostros

250 2321 419 2355 scabrosos
446 2323 601 2362 examina,

200 2371 273 2405 Hoc
299 2371 410 2404 eodem
435 2374 606 2405 veternosa

248 2421 361 2453 nostra
387 2420 459 2453 dele
484 2420 627 2453 crimina.

837 1563 893 1598 10.

835 1871 891 1905 11.

835 2178 892 2213 12.

969 709 1049 733 unus
1075 701 1109 733 in
1134 701 1321 745 substantia,

924 747 1044 788 Culpas
1068 751 1195 781 nostras
1222 751 1254 780 et
1278 753 1385 781 reatus

970 796 1066 835 plena
1096 796 1167 828 dele
1191 796 1285 830 venia

921 843 967 874 Et
990 844 1038 875 sic
1061 844 1196 876 mundos
1222 853 1242 875 a
1265 845 1406 885 peccatis

967 891 1066 923 reduc
1091 892 1134 923 ad
1160 891 1320 926 caelestia.

888 982 895 989 .
925 957 1006 998 Ave,
1032 957 1121 997 virgo
1145 958 1208 990 Dei
1230 960 1343 997 mater,

967 1014 1043 1037 vera¹
1065 1014 1139 1044 spes
1163 1005 1317 1045 fidelium,

921 1051 1020 1084 Porta
1046 1053 1136 1093 caeli,
1163 1052 1258 1084 stella
1282 1053 1389 1096 mariS,

967 1099 1047 1131 recti
1073 1108 1184 1132 cursus
1208 1099 1366 1140 bravium,

923 1145 1051 1178 Summa
1075 1147 1166 1190 legis,
1194 1146 1297 1180 forma
1319 1148 1418 1191 pacis,

968 1194 1079 1226 salutis
1107 1195 1283 1228 exordium.

887 1286 894 1292 .
921 1260 1001 1300 Ave,
1028 1261 1128 1303 virgo,
1156 1270 1223 1304 ave,
1251 1260 1328 1301 feta,

966 1317 1036 1349 ave,
1060 1309 1159 1347 plena
1180 1309 1294 1349 gratia,

922 1355 1005 1398 Ave,
1031 1363 1158 1396 sponsa,
1185 1364 1244 1388 ave
1267 1359 1379 1395 mater,

967 1412 1036 1443 ave,
1062 1402 1124 1434 Dei
1147 1402 1224 1445 filia,

921 1451 1020 1490 Quam
1048 1450 1175 1483 diversa
1199 1450 1279 1482 facis
1305 1460 1412 1490 unum,

967 1507 987 1530 o
1011 1498 1258 1538 omnipotentia!

919 1564 1005 1596 Fons
1035 1564 1188 1605 signatus,
1215 1566 1405 1597 sacramenti

966 1612 1079 1644 summi
1106 1613 1376 1655 conceptaculum,

920 1659 1014 1693 Scala
1039 1660 1146 1704 Iacob,
1176 1661 1286 1693 domus
1312 1660 1429 1698 David,

968 1707 1147 1741 Salomonis
1174 1707 1339 1750 ferculum,

918 1756 948 1788 A
970 1756 1072 1789 leonis
1096 1765 1152 1788 ore
1177 1757 1267 1789 salva

966 1804 1174 1836 christianum
1199 1804 1362 1846 populum.

917 1869 1109 1912 Theotocos,
1134 1873 1227 1912 virga
1250 1872 1348 1914 Iesse,

966 1920 1051 1952 oliva
1076 1918 1255 1960 fructifera,

918 1967 1086 2008 Templum
1111 1967 1184 2010 Dei,
1209 1977 1285 2000 arca
1309 1967 1389 2010 Noe,

967 2015 1114 2048 columba
1137 2014 1291 2059 pacifera,

917 2063 968 2096 Ab
992 2061 1113 2096 inferni
1139 2073 1198 2096 nos
1223 2063 1390 2105 Charybdi

963 2112 998 2144 in
1023 2114 1186 2144 aeternum
1211 2111 1324 2147 libera.

916 2178 1042 2221 Turris,
1073 2189 1093 2211 a
1117 2189 1178 2220 quo
1204 2180 1325 2221 pendet
1349 2177 1450 2211 omnis

964 2229 1127 2260 armatura
1151 2226 1293 2269 fortium,

915 2275 1003 2308 Rosa
1026 2273 1155 2317 florens,
1181 2284 1275 2308 sacra
1298 2275 1384 2315 vitis,

965 2324 1067 2356 lilium
1094 2323 1296 2366 convallium,

916 2372 1082 2405 Medicina
1105 2374 1320 2413 peccatorum,

965 2421 1094 2455 virtutis
1120 2419 1298 2453 donarium.
