1651 2700
157 218 212 252 15.

159 551 217 587 16.

157 877 212 909 17.

161 1199 217 1233 18.

161 1522 216 1557 19.

157 1849 212 1881 20.

156 2174 212 2207 21.

669 124 929 161 -171-

241 218 291 251 Tu
314 219 438 252 minera
463 220 629 264 claritatis,

239 268 364 299 Aurum
386 266 509 301 fulvum
536 268 675 311 deitatis,

287 313 337 346 Tu
361 314 504 348 fenestra
528 317 641 358 vitrea,

240 362 417 395 Paradisus
441 363 627 407 voluptatis,

242 409 295 442 Ad
322 411 486 451 exemplar
512 412 655 444 caritatis

287 457 337 489 Tu
362 458 444 490 vitta
469 459 627 494 coccinea.

242 551 358 585 Murus
383 552 469 591 Sion,
495 554 595 585 turris
619 553 738 593 David,

242 599 340 640 Urbs,
352 601 529 640 castellum,
541 601 773 644 quodintravit,

289 647 349 686 Qui
374 647 460 688 patri
485 648 686 688 complacuit,

243 694 293 727 Tu
318 696 445 736 ancilla,
473 699 508 727 tu
533 697 651 736 puella,

240 742 291 775 Tu
315 743 474 782 plorantis
500 752 534 775 es
557 742 690 782 fiscella,

290 790 327 822 In
355 800 417 831 qua
441 793 531 824 vates
555 791 660 824 latuit.

238 875 407 915 Apotheca
431 876 620 916 specierum,

242 924 381 956 servans
405 924 492 955 vitae
518 923 612 955 dulce
636 931 759 955 merum

290 970 341 1003 De
362 970 515 1012 Engaddi
541 971 642 1014 vinea,

241 1018 321 1051 Avis
348 1028 432 1061 rara,
461 1026 536 1050 cara
560 1019 654 1059 caris,

242 1065 351 1099 Vittae
374 1065 651 1107 perpendicularis

289 1114 329 1146 In
355 1114 511 1146 directum
535 1113 631 1146 linea.

243 1199 313 1232 Lex
336 1201 480 1241 naturae,
507 1198 599 1230 limes
623 1198 713 1241 legis,

243 1246 426 1287 Mitigatrix
451 1246 519 1278 irae
544 1246 629 1286 regis

287 1294 400 1326 Risum
425 1294 525 1326 Sarae
546 1292 678 1333 faciens,

242 1342 291 1374 Tu
317 1350 350 1373 es
378 1342 474 1373 decus
498 1341 687 1381 puellarum,

244 1389 293 1422 Tu
317 1390 439 1421 securis
464 1388 693 1429 prophetarum

289 1437 437 1478 Lignum,
461 1434 581 1468 ferrum
599 1436 773 1469 attrahens.

244 1523 292 1555 Tu
317 1522 412 1554 Eliae
435 1522 665 1561 indumentum,

241 1571 352 1603 Aurae
373 1570 454 1602 lenis
479 1569 731 1601 blandimentum

287 1617 341 1650 Ad
369 1620 480 1649 cantus
504 1617 671 1657 adficiens,

238 1665 383 1699 Phoenix
404 1666 483 1705 sola,
510 1664 702 1706 philomena,

242 1713 338 1746 Cuius
365 1714 451 1745 dulci
476 1713 637 1745 cantilena

288 1760 401 1793 Deitas
427 1760 588 1793 exsiliens.

241 1847 344 1879 Cantu
370 1847 475 1879 cordis
501 1847 653 1888 emollita⁷

241 1895 362 1927 Tracta
385 1894 474 1926 venit
497 1903 561 1925 non
586 1894 688 1927 invita

291 1942 330 1974 In
354 1942 483 1982 puellae
507 1942 672 1982 gremium,

240 1990 293 2023 De
321 1991 355 2021 te
381 1990 500 2022 dictum
525 1992 653 2029 pratum
677 1989 772 2030 ridet,

240 2038 317 2079 Quis
343 2047 404 2069 non
423 2037 524 2079 audit,
549 2038 577 2069 si
594 2047 656 2070 non
673 2038 772 2078 videt,

287 2085 384 2118 Hunc
407 2088 593 2118 concentum
618 2085 735 2119 avium.

240 2173 295 2205 Sic
323 2173 473 2213 perennis
498 2172 540 2204 ad
568 2172 724 2212 decorem,

241 2222 295 2254 Sic
320 2223 369 2252 est
395 2224 505 2253 cantus
526 2220 567 2252 ad
593 2228 734 2252 amorem

287 2268 412 2301 Horum
439 2268 691 2309 concinentium3

239 2319 371 2360 Turtur,
396 2325 491 2359 pav0,
517 2317 701 2357 phasianus,

238 2367 365 2410 Passer,
394 2374 518 2408 corvus,
544 2365 710 2405 pelicanus

284 2414 331 2447 Te
356 2414 409 2447 vel
432 2417 522 2447 tuum
546 2412 647 2446 filium

843 222 898 254 22.

845 554 901 586 23.

848 876 903 908 24.

848 1198 903 1230 25.

848 1521 903 1552 26.

926 221 1059 262 Signant
1082 223 1172 261 gestu
1197 221 1248 254 vel
1275 221 1399 266 decore,

925 269 1027 307 More,
1059 271 1153 300 cantu
1178 268 1228 301 vel
1253 278 1407 309 maerore,

973 316 1027 349 Sic
1052 318 1084 348 et
1109 319 1218 348 cantus
1241 317 1399 357 merulae3

925 363 1057 404 Signum
1080 364 1173 395 huius
1199 366 1231 395 et
1256 364 1411 404 columba,

927 412 1014 451 Quae
1031 414 1079 443 est
1095 411 1233 451 simplex
1250 414 1282 443 et
1294 411 1456 451 palumba,

976 459 1039 491 Sed
1065 462 1139 491 sunt
1162 467 1256 492 voces
1283 460 1443 499 querulae.

928 553 1027 594 Virga
1050 553 1158 586 virens
1181 554 1213 585 in
1242 554 1378 595 deserto,

930 602 1027 633 Petra
1050 599 1151 633 fluens
1175 602 1208 633 in
1233 604 1355 642 aperto,

979 648 1115 689 Concha,
1125 658 1188 689 ros,
1195 657 1285 681 mons
1293 649 1457 688 montium,

931 695 980 728 De
1006 705 1066 736 quo
1091 700 1198 729 monte
1224 698 1271 728 est
1295 698 1459 737 praecisus

930 743 1031 784 Lapis
1054 743 1111 775 ille
1133 753 1197 776 non
1221 744 1380 776 abscissus

980 791 1251 830 Complectentum
1276 792 1431 825 manibus

928 876 1028 916 Lapis
1053 876 1115 908 iste
1137 877 1221 917 lapis
1245 877 1354 921 mirus,

927 923 1006 955 Plus
1038 924 1157 964 vigoris
1181 933 1276 965 quam
1300 925 1460 965 saphyrus

976 970 1085 1003 Habet
1109 974 1141 1002 et
1161 972 1316 1012 topazius,

930 1017 1007 1050 Cum
1032 1019 1201 1059 smaragdo
1225 1019 1405 1060 amethysti,

929 1065 1007 1098 Cum
1033 1065 1157 1105 beryllo
1182 1069 1258 1098 sunt
1282 1070 1314 1098 et
1336 1067 1392 1099 isti

976 1113 1070 1152 Onyx
1094 1115 1127 1144 et
1149 1113 1294 1154 ligurius.

930 1197 1112 1237 Onychinus
1139 1202 1171 1231 et
1193 1199 1374 1240 iacynthus‚

930 1245 1185 1285 chrysoprassus
1208 1255 1285 1279 auro
1309 1247 1438 1286 tinctus,

977 1292 1110 1325 Sardius
1137 1303 1207 1326 cum
1232 1294 1367 1336 iaspide,

932 1339 1152 1380 chrysolithus
1178 1346 1211 1374 et
1234 1341 1396 1381 sardonyx

931 1386 1009 1419 Cum
1034 1388 1157 1430 achate,
1185 1389 1388 1421 chalcedonis

979 1435 1055 1468 Cum
1080 1437 1193 1469 rubino
1218 1437 1337 1477 lapide.

930 1520 1046 1553 Omnes
1072 1521 1127 1552 isti
1152 1521 1185 1553 in
1212 1521 1337 1562 decore,

932 1568 991 1600 Vel
1016 1568 1136 1601 virtute
1161 1569 1212 1601 vel
1237 1569 1343 1601 calore

979 1616 1038 1648 Vel
1062 1616 1181 1648 valoris
1207 1617 1323 1659 pretio,

928 1663 1019 1696 Idem
1046 1666 1095 1695 est
1120 1664 1160 1696 de
1184 1663 1364 1705 adamante,

930 1711 980 1743 De
1004 1715 1161 1753 magnete,
1189 1713 1350 1745 diamante

975 1760 1019 1792 Et
1047 1759 1087 1792 de
1111 1762 1320 1802 garamantio.

845 1846 901 1878 27.
924 1846 980 1878 Ad
1004 1845 1131 1878 Mariae
1155 1848 1230 1879 sunt
1252 1847 1414 1888 honorem,

846 2172 903 2206 28.

928 1894 982 1926 Ad
1008 1897 1154 1926 ornatum
1179 1894 1230 1927 vel
1258 1895 1405 1928 decorem

976 1942 1014 1974 In
1039 1941 1302 1983 proprietatibus,

928 1990 1005 2030 Ipsa
1031 1990 1113 2021 enim
1140 1993 1189 2022 est
1212 1991 1331 2032 regina,

928 2038 1060 2071 Habens
1085 2038 1165 2070 haec
1188 2038 1246 2071 sub
1274 2040 1445 2080 disciplina

975 2084 1017 2119 In
1042 2086 1263 2120 varietatibus,

929 2172 978 2204 Tu
1002 2172 1058 2203 lux
1082 2172 1189 2216 lunae,
1216 2173 1399 2214 pansilenos

927 2220 1059 2253 Habens
1087 2220 1165 2261 dies,
1188 2229 1313 2253 menses
1337 2221 1460 2261 plenos,

975 2268 1026 2300 Tu
1051 2277 1167 2301 aurora
1191 2269 1337 2311 rutilans,

928 2316 977 2348 Tu
1003 2325 1036 2349 es
1063 2317 1131 2349 dies
1156 2320 1280 2350 noctem
1304 2316 1438 2355 pellens,

928 2364 977 2396 Tu
1007 2364 1057 2399 sol
1081 2365 1177 2397 stella
1201 2372 1234 2396 es
1259 2364 1459 2403 praecellens

974 2413 1138 2446 Tenebras
1165 2411 1341 2447 enubilans.
