1651 2700
663 119 921 155 —177—

151 210 183 242 4.
209 209 256 241 Te
282 210 406 243 creavit

255 260 350 298 pater
373 258 545 301 ingenitus,

209 304 423 339 obumbravit

254 354 287 385 te
311 354 503 395 unigenitus,

206 401 410 434 Fecundavit

255 451 288 480 te
310 451 439 482 sanctus
462 450 605 491 spiritus,

207 496 291 528 Dum
319 505 352 528 es
378 496 465 529 facta

254 546 324 576 tota
350 544 514 578 divinitus,

176 648 182 654 .
210 620 257 653 Te
283 621 405 653 creavit

256 668 345 700 Deus
368 668 559 711 mirabilem,

208 715 256 747 Te
279 716 424 756 respexit

257 763 410 795 ancillam
434 763 596 806 humilem,

209 811 258 844 Te
280 811 439 850 quaesivit

258 866 409 898 sponsam
434 858 613 899 amabilem,

211 905 285 938 Tibi
310 915 474 946 nunquam

259 951 340 984 fecit
364 953 571 986 consimilem.

177 1057 184 1064 .
209 1029 256 1061 Te
283 1028 410 1061 beatam

255 1076 390 1109 laudare
415 1076 546 1116 eupiunt

209 1124 327 1157 Omnes
352 1124 465 1165 sancti,

257 1171 316 1203 sed
341 1180 405 1203 non
431 1170 603 1216 sufficiunt,

209 1218 293 1252 Nam
318 1221 366 1251 tot
390 1219 504 1251 laudes

257 1266 318 1299 tibi
343 1267 544 1310 conveniunt,

212 1314 304 1354 Quod
329 1314 498 1346 laudantes

256 1371 365 1394 omnes
392 1361 554 1396 deficiunt.

174 1463 182 1471 .
208 1438 261 1470 Ex
286 1447 347 1478 quo
373 1438 470 1478 digna

255 1486 359 1518 Deum
385 1494 418 1517 es
442 1494 569 1528 parere,

207 1533 310 1566 Nemo
337 1533 433 1574 digne

255 1584 366 1621 potest
391 1581 571 1622 exprimere

205 1629 336 1662 Laudes
360 1631 431 1660 tuas

253 1685 313 1709 nec
337 1676 415 1708 satis
439 1676 557 1718 dicere,

205 1725 364 1764 Quantum
389 1725 510 1764 gaudes

254 1773 364 1805 divino
388 1781 528 1806 munere.

171 1876 178 1884 .
205 1849 286 1888 Quia
311 1856 388 1881 vere

254 1898 351 1936 caput
376 1904 409 1927 es
434 1895 593 1936 virginum

205 1944 251 1977 Et
274 1944 344 1976 laus
370 1952 494 1975 summa

250 2001 314 2024 non
339 1991 460 2024 habens
486 1990 666 2031 terminum,

204 2040 403 2080 Angelorum

252 2087 365 2120 laudes
391 2089 423 2119 et
450 2086 612 2119 hominum

204 2135 401 2168 Promereris

250 2184 323 2226 ipsa
347 2186 423 2225 post
445 2182 628 2216 Dominum.

168 2289 176 2297 .
203 2262 306 2294 Beata
331 2269 374 2305 es,

250 2309 341 2350 virgo
365 2317 536 2350 puerpera,

201 2358 296 2399 Nam,
327 2357 382 2398 qui
407 2357 499 2390 sedet

247 2407 281 2439 in
306 2405 409 2447 patris
437 2405 573 2438 dextera

183 2477 310 2503 Dreves.
326 2475 371 2499 Pia
383 2475 529 2498 Dietamina.
559 2473 589 2497 V.

836 436 890 469 10.

840 844 894 877 11.

838 1253 893 1285 12.

835 1662 890 1695 13.

835 2074 889 2107 14.

922 217 1050 251 Caelum
1075 228 1199 260 regens,

966 268 1087 299 terram
1112 269 1144 298 et
1167 268 1308 308 aethera,

919 314 1009 345 Intra
1031 315 1087 347 tua

967 369 1002 392 se
1026 361 1142 394 clausit
1164 362 1298 395 viscera.

917 437 1120 480 Imperatrix‚

967 484 1054 515 cuius
1078 485 1212 525 imperio

918 531 1001 564 Tota
1025 533 1144 573 gaudet

967 579 1113 612 caelestis
1138 580 1252 622 contio,

919 626 1023 660 Tanta
1047 627 1116 659 laus
1142 630 1189 660 est

967 674 1027 706 tibi
1050 674 1085 707 in
1109 674 1187 714 filio,

921 720 1012 759 Quod
1036 721 1173 754 humana

966 778 1031 800 non
1056 770 1143 810 capit
1166 770 1259 802 ratio.

919 845 979 877 Pia
1002 848 1105 878 mater

967 894 999 923 et
1024 892 1113 934 virgo
1135 893 1263 934 nobilis,

917 939 1094 972 Benedicta

967 990 1000 1018 et
1024 988 1228 1028 venerabilis,

918 1033 1085 1066 Universis

965 1081 1236 1124 incomparabilis,

918 1128 994 1160 Tibi
1016 1138 1178 1169 nunquam

966 1174 1028 1207 fuit
1053 1177 1234 1209 consimilis.

919 1252 944 1285 O
971 1261 1063 1292 quam
1084 1252 1222 1293 pulchra

965 1299 1074 1339 puella
1097 1301 1241 1341 parvula,

920 1347 1018 1386 Quam
1043 1348 1150 1380 suavis

966 1397 999 1426 et
1021 1395 1090 1429 sine
1113 1395 1247 1438 macula,

919 1442 984 1474 Sed
1008 1451 1102 1482 quam
1126 1445 1240 1483 potens

965 1499 1080 1530 regnas
1104 1491 1138 1522 in
1163 1491 1299 1529 saecula,

917 1538 988 1570 Tua
1011 1537 1089 1570 satis

964 1585 1105 1625 probant
1128 1586 1294 1619 miracula.

916 1662 966 1694 Tu
992 1670 1035 1696 es,
1062 1662 1161 1705 virgo,

965 1709 1080 1742 ceteris
1103 1710 1225 1750 purior,

916 1756 1102 1798 Virginibus

965 1813 999 1837 es
1024 1806 1127 1846 gradu
1154 1805 1290 1846 dignior,

917 1853 1021 1894 Super
1044 1861 1152 1885 omnes

965 1903 1099 1941 aspectu
1123 1900 1299 1941 pulchrior,

915 1949 961 1982 Et
983 1949 1017 1980 in
1042 1949 1161 1981 sanctis

964 1998 1040 2037 post
1062 1996 1166 2030 Deum
1191 1996 1342 2029 sanctior.

915 2073 975 2106 Pia
996 2075 1110 2114 mater,

964 2129 1024 2161 per
1047 2122 1095 2153 tui
1120 2122 1256 2163 gratiam

916 2169 1104 2202 Revertitur

966 2218 1056 2249 exsul
1081 2219 1124 2251 ad
1149 2218 1297 2261 patriam,

918 2267 1107 2299 Peccatores

964 2318 1128 2347 merentur
1155 2314 1280 2348 veniam

916 2362 962 2395 Et
985 2362 1073 2395 beati

965 2410 1132 2452 possident
1155 2408 1300 2450 gloriam.
