1651 2700
129 230 188 262 ea.

129 391 188 425 7a.

129 555 189 587 Sa.

128 767 189 800 9a.

103 977 145 1009 10
156 986 183 1008 a.

105 1187 145 1219 11
158 1196 186 1220 a.

108 1349 150 1382 12
163 1358 191 1381 a.

102 1559 144 1592 13
156 1568 185 1593 a.

102 1673 146 1706 14
158 1683 187 1706 a.

101 1788 144 1821 15
156 1798 185 1821 a.

101 1905 186 1936 162.

98 2068 140 2101 17
153 2077 181 2102 a.

99 2281 143 2315 18
156 2289 186 2314 a.

635 131 869 168 ...81-

214 227 278 260 Hic
301 227 336 260 in
360 229 457 270 partu
482 230 602 261 castam
623 228 722 270 videt,

213 276 412 317 Virginalem
437 276 490 308 hic
516 276 643 309 deridet

264 324 302 356 In
327 326 462 364 parente
484 323 660 362 flosculum,

214 391 328 423 Artem
353 391 434 424 fides
459 391 623 431 superavit

212 438 258 471 Et
280 440 449 472 humanam
474 439 672 479 proculcavit

262 488 408 520 Rationis
434 488 590 531 meritum,

217 554 321 587 Huius
346 556 458 596 partus
482 554 516 586 in
542 563 676 586 censura

265 603 347 635 Silet
371 611 445 643 ergo
470 602 562 645 ratio,

215 650 338 683 Tacent
361 651 458 693 leges,
485 650 604 682 cadunt
627 649 707 689 ima,

263 698 402 739 Logicae
427 697 585 737 probatio,

216 765 429 805 Exceptatam
453 764 532 796 iuris
558 763 692 796 formam

261 813 358 854 Virgo
384 814 486 844 mater
510 812 635 851 recipit,

212 861 295 893 Dum
312 861 343 892 in
356 860 447 901 prole
457 863 567 899 partus
578 869 719 891 normam

261 909 307 941 Et
329 911 476 940 naturam
502 907 632 947 decipit.

213 976 237 1008 Ο
264 984 356 1008 rosae
377 974 448 1018 flos,

212 1024 311 1063 Quam
336 1023 415 1055 caeli
441 1032 493 1054 ros

261 1073 341 1104 Tam
366 1070 446 1103 mire
469 1071 626 1111 irrigavit,

262 1120 299 1152 In
326 1118 463 1150 fructum
488 1117 682 1152 fecundavit.

214 1187 239 1219 Ο
271 1196 327 1218 vas
354 1186 453 1219 divini
479 1186 626 1227 numinis,

213 1234 300 1273 Quae
325 1235 422 1266 solem
449 1233 517 1265 veri
541 1233 678 1265 numinis

262 1283 299 1314 In
325 1282 435 1314 orbem
460 1281 653 1321 produxisti,

218 1348 267 1381 Tu
292 1349 383 1390 virga
405 1349 494 1381 Iesse
518 1347 633 1380 florida

262 1397 326 1429 Per
356 1396 469 1429 rubum
493 1396 706 1437 praesignata,

213 1444 262 1476 Tu
288 1445 369 1476 cella
392 1443 454 1476 Dei
476 1443 587 1476 rorida

260 1492 310 1524 De
334 1491 441 1524 David
466 1491 568 1532 stirpe
593 1495 676 1525 nata.

213 1559 237 1592 O
264 1559 413 1599 vernalis,

210 1607 356 1639 Dulcedo
381 1606 547 1648 sensualis,

214 1674 239 1707 Ο
265 1672 444 1714 flagrantia,

211 1721 411 1761 spiraculum
438 1721 556 1762 odoris,

211 1789 384 1830 Empyrea,
410 1788 546 1832 siderea,

258 1836 457 1870 Vestibulum
485 1837 620 1879 decoris,

211 1903 381 1944 AmabiIis,
407 1903 550 1944 orabilis,

261 1952 311 1984 Tu
333 1951 421 1985 mitis
447 1952 652 1996 consolatrix,

257 2000 307 2032 Tu
331 1999 420 2040 pacis
445 2000 626 2033 mediatrix.

210 2068 260 2100 Tu
284 2067 460 2108 thymiama
484 2067 615 2110 gloriae,

255 2116 304 2148 Tu
328 2124 438 2148 murra
464 2114 629 2160 festivalis,

209 2164 259 2196 Tu
285 2164 515 2197 cinnamomum
540 2165 673 2207 gratiae,

257 2212 306 2244 Tu
330 2212 451 2245 nardus
476 2212 621 2253 genialiS.

211 2280 326 2313 Dulcis
349 2288 439 2313 amor
460 2280 614 2320 nuptialis

207 2329 254 2362 Et
278 2329 444 2369 amplexus
469 2330 504 2360 tu
528 2328 651 2372 legalis,

206 2377 345 2410 Formae
372 2377 469 2410 decor
493 2378 690 2419 matronalis,

255 2426 280 2460 Ο
303 2425 453 2459 mentalis
477 2425 603 2461 levitas.

143 2496 163 2520 D
170 2504 182 2520 r
188 2503 201 2520 e
206 2503 221 2520 v
227 2502 239 2520 e
244 2504 256 2520 s
264 2513 270 2524 ,
282 2496 327 2521 Pia
340 2495 484 2521 Dictamina.
514 2495 542 2520 V.

816 230 873 264 61).
900 230 964 263 Hic
988 228 1121 271 expulsa
1144 228 1259 260 mentis
1283 228 1341 261 lite

815 392 874 426 71).

812 555 872 589 81).

809 765 868 797 Db.

788 974 868 1007 101).

785 1184 866 1218 111).

788 1350 868 1383 121),

783 1560 866 1593 131).

785 1675 868 1709 14b.

785 1790 868 1824 151).

785 1905 868 1940 161).

786 2068 869 2103 171).

784 2282 867 2316 181).

902 279 1008 320 Virgo,
1034 276 1145 310 matris
1168 285 1281 308 nomen
1306 277 1383 309 mite

949 326 1041 360 Pacis
1071 327 1181 356 tenent
1206 324 1357 359 osculum.

902 394 957 426 Vis
983 391 1123 425 occurrit
1146 391 1199 423 hic
1222 394 1364 435 naturae,

900 442 980 473 Nam
1008 441 1114 473 divino
1140 437 1243 471 fracto
1268 439 1338 470 iure

947 489 1044 521 Suum
1068 485 1124 520 flet
1147 486 1321 521 interitum.

899 556 967 588 Nec
991 554 1193 588 rhethoricae
1217 553 1343 594 pictura

944 604 983 636 In
1007 604 1121 635 ornatu
1145 600 1283 641 proficit,

898 650 1086 693 Argumenti
1111 649 1158 682 vis
1182 649 1309 688 impura

947 699 1034 732 Citra
1057 700 1174 730 metam
1200 695 1318 730 deficit.

895 766 1057 798 Sensualis
1082 765 1134 796 hic
1158 763 1274 796 anhela

945 814 1040 846 Latet
1063 812 1237 853 inquisitio,

897 861 1061 900 (Quomodo
1086 860 1124 891 fit
1146 860 1224 891 haec
1241 859 1400 899 quaerela.

943 908 1061 941 Deficit
1083 907 1196 939 editio.

896 976 921 1008 Ο
949 976 1032 1008 vitae
1057 977 1125 1015 dOS,

898 1024 965 1063 Qua
990 1023 1068 1055 felix
1092 1031 1160 1054 mos

943 1071 989 1103 Te
1014 1068 1296 1111 praeglorificavit,

943 1119 981 1151 In
1006 1121 1103 1159 partu
1131 1116 1306 1148 decoravit.

893 1187 917 1219 O
945 1185 1105 1219 Gedeonis
1131 1192 1215 1223 area,

898 1235 983 1267 Rore
1006 1234 1068 1266 Dei
1093 1234 1252 1270 nectarea,

943 1283 1041 1322 Quem
1065 1280 1154 1321 virgo
1179 1278 1323 1320 genuisti.

895 1350 943 1381 Tu
969 1352 1070 1387 turea,
1096 1354 1267 1386 purpurea,

943 1397 991 1428 Tu
1017 1394 1121 1436 pudor
1146 1393 1322 1433 virginalis,

894 1445 942 1476 Tu
965 1451 1117 1484 gemmea,
1144 1441 1321 1481 pampinea.

941 1492 990 1524 Tu
1017 1492 1113 1524 decor
1140 1488 1306 1521 festivalis.

894 1560 918 1593 O
945 1558 1099 1596 lustralis,

895 1608 920 1641 Ο
945 1616 1018 1647 spes
1043 1604 1213 1638 fiducialis.

896 1675 920 1708 O
947 1671 1156 1715 praestantia,

895 1722 1099 1763 Signaculum
1124 1720 1267 1760 pudoris

893 1790 943 1821 Tu
968 1789 1091 1829 stellea,
1123 1790 1157 1819 tu
1182 1788 1307 1830 mellea,

941 1837 1125 1869 Latibulum
1149 1834 1299 1869 fervoris.

896 1905 921 1938 O
947 1913 1025 1936 vera
1049 1911 1124 1944 an,
1150 1902 1252 1943 ignita
1279 1901 1344 1945 fax,

944 1953 968 1985 O
993 1952 1107 1984 veniae
1132 1951 1290 1990 donatrix,

941 2000 1117 2033 Humilium
1140 2000 1306 2032 salvatrix.

895 2069 945 2101 Tu
971 2068 1150 2100 cinnamum
1175 2065 1381 2110 fragrantiae,

941 2116 991 2148 Tu
1014 2115 1176 2148 balsamus
1200 2115 1319 2158 vitalis,

893 2165 943 2197 Tu
967 2173 1063 2204 sapor
1087 2163 1274 2206 odorabilis,

941 2213 991 2245 Tu
1015 2212 1096 2245 odor
1120 2211 1257 2245 olivalis.

892 2281 1016 2314 Dulcor
1042 2279 1148 2313 cordis
1172 2281 1209 2310 tu
1231 2280 1370 2323 nativus,

894 2330 944 2362 De
969 2338 1030 2369 quo
1054 2329 1144 2362 fonte
1168 2326 1266 2359 rubor
1288 2328 1378 2360 vivus

895 2377 1017 2420 Prodit,
1043 2380 1078 2409 tu
1103 2375 1215 2407 salutis
1240 2375 1337 2418 rivus,

941 2426 966 2459 Ο
992 2425 1076 2458 veris
1101 2422 1285 2457 amoenitas.

1214 2488 1231 2518 6
