1651 2700
639 135 894 171 —165—

120 231 152 263 3.
179 231 226 264 Ut
250 230 298 261 sic
321 238 379 262 nos
404 231 451 262 tui
476 231 608 273 servuli,
806 234 839 266 4.
865 232 945 273 Quia
968 233 1055 265 Deus
1078 231 1277 272 omnipotens

180 277 332 317 Quamvis
356 278 456 310 simus
479 279 611 311 multum
637 281 696 321 rei,
865 280 985 313 Factus
1006 281 1100 312 homo
1122 279 1296 312 oboediens

179 326 319 364 Propter
343 329 376 357 te
401 325 514 358 fiamus
540 327 631 368 salvi,
868 328 931 360 Pro
958 327 1051 361 nobis
1076 326 1146 360 fuso
1172 327 1325 367 sanguiue

180 373 321 414 Propter
346 381 424 413 quos
451 382 484 406 es
509 378 611 407 mater
634 374 704 407 Dei.
868 376 985 407 Plexus
1007 377 1056 407 est
1081 375 1203 407 crudeli
1225 377 1338 408 morte.

468 432 499 464 5.
526 432 630 472 Quare
653 433 688 464 in
713 431 857 464 omnibus
882 441 971 465 suum

525 479 666 520 Agamus
691 479 935 520 beneplacitum,

525 527 576 559 Ne
601 525 774 559 frustretur
799 527 865 559 eius
889 528 1001 560 mortis

524 574 679 607 Efficacia
701 575 736 606 in
759 574 861 607 nobis.

187 637 268 665 Orat.
295 646 349 666 ms.
369 638 551 675 'Peg-urinum
574 640 644 667 anni
667 636 748 667 1470.
770 640 843 667 Olm.
863 640 1016 667 Monacen.
1037 637 1146 668 20021.
1165 639 1200 667 A.
1220 654 1257 660 -·
1277 639 1351 667 Orat
1369 648 1422 667 ms.

109 676 300 711 Tegurinum.
322 685 398 704 saec.
420 675 464 705 15.
485 676 559 705 Olm.
578 677 731 705 Monacen.
752 675 856 705 20124.
875 678 909 705 B.

556 778 616 810 123.
647 779 690 810 De
710 779 806 811 beata
825 779 926 811 Maria
946 779 982 810 V.

333 851 359 883 O
383 849 568 882 veneranda
590 848 654 881 Dei
675 851 780 881 mater
801 849 1035 890 benedictaque
1058 850 1157 891 virgo,

335 897 431 930 Salve
455 896 617 935 millesies
641 896 859 937 pulcherrima
880 897 1021 937 nympha
1045 897 1162 936 Maria,

332 943 380 977 Te
404 944 501 978 laudo
527 952 664 985 semper,
688 946 722 975 te
746 943 901 988 glorifico,
926 944 1100 984 benedico;

331 992 401 1032 Ego
425 1001 489 1024 non
513 1000 583 1023 sum
609 992 723 1032 dignus
748 993 806 1024 sed
831 1000 882 1023 me
906 991 1065 1032 dignifica,
1093 992 1199 1032 digna.

275 1040 306 1072 5.
334 1040 359 1072 O
387 1039 571 1071 dulcissima
598 1042 699 1071 mater
724 1042 755 1071 et
781 1039 901 1080 optima
926 1039 1049 1080 virgula
1073 1040 1171 1080 Iesse,

335 1086 384 1119 Tu
408 1087 544 1120 Davidis
569 1085 680 1128 funda,
706 1095 789 1127 rosa,
816 1087 916 1119 vellus
943 1086 1113 1128 Gedeonis,

335 1134 463 1175 Inspice
488 1143 549 1177 me,
574 1138 652 1166 tunc
674 1143 805 1167 noscam
830 1137 873 1175 te,
897 1136 1045 1166 matrona
1067 1133 1172 1173 beata,

335 1182 445 1223 Diligo
468 1184 512 1221 te,
536 1191 601 1214 non
625 1191 759 1222 spernas
783 1190 844 1221 me,
870 1181 974 1214 fateor
994 1181 1079 1213 male
1098 1180 1194 1214 facta.

335 1229 406 1263 Vae
429 1229 518 1270 mihi,
544 1230 571 1261 si
596 1229 721 1269 spernis
746 1232 956 1271 peccatorem,
983 1231 1038 1269 pia
1061 1232 1173 1271 mater,

253 1276 308 1308 10.
335 1278 398 1318 En,
424 1278 456 1309 in
482 1280 515 1308 te
541 1277 647 1321 credo,
672 1278 844 1310 contritum
869 1276 966 1309 corde
989 1280 1090 1309 tuere.

335 1326 383 1357 Te
407 1326 473 1358 scio
498 1328 562 1356 tam
588 1325 706 1366 mitem,
732 1325 853 1357 nullum
879 1325 1005 1365 spernis
1029 1324 1221 1364 miserando,

337 1371 462 1406 Offendi
484 1375 603 1412 natum,
628 1372 713 1404 iuste
738 1373 905 1404 damnatus
929 1374 965 1403 ut
990 1380 1102 1410 essem,

336 1421 386 1452 Tu
410 1420 473 1451 nisi
496 1429 555 1459 pro
580 1428 673 1452 servo
697 1421 863 1462 rogitares,
890 1420 979 1459 virgo
1003 1419 1151 1459 benigna.

336 1468 452 1500 Grates
477 1469 624 1499 aeternas
649 1467 710 1499 tibi
737 1467 848 1507 reddo,
875 1468 916 1499 tis
942 1475 1066 1508 quoque
1089 1470 1176 1507 nato,

252 1513 308 1547 15.
334 1515 417 1547 Nam
444 1515 527 1547 bona
550 1515 653 1546 multa
675 1514 756 1547 facis
780 1515 869 1554 mihi,
895 1514 1002 1546 fecisti
1025 1512 1197 1554 faciesque.

336 1562 391 1595 Me
417 1563 476 1595 tibi
502 1563 542 1594 do
568 1565 677 1607 totum,
705 1563 862 1603 quidquid
887 1563 945 1601 vie,
973 1562 1024 1602 da,
1051 1562 1114 1604 pia,
1144 1562 1256 1603 dulciS,

336 1611 384 1643 Te
409 1618 575 1651 venerans,
602 1606 715 1653 [tuum]
740 1613 849 1642 natum
874 1618 1008 1651 quoque,
1034 1609 1081 1640 sic
1106 1618 1160 1641 ero
1185 1609 1301 1643 salvus.

335 1658 540 1698 Virtutesque
564 1661 636 1690 tuas
661 1658 739 1690 mihi
762 1667 869 1699 posco,
898 1657 1001 1698 dirige
1025 1666 1140 1697 mores,

336 1706 440 1738 Vitam
465 1705 641 1748 sanctifica,
666 1714 718 1737 me
741 1705 877 1748 vivifica,
903 1705 988 1738 mala
1011 1705 1106 1745 pelle.

253 1754 309 1787 20.
336 1754 496 1795 Spernere
525 1754 565 1786 da
590 1754 678 1798 vitia,
706 1762 852 1786 veracem
879 1755 921 1786 da
940 1753 1019 1784 mihi
1034 1753 1186 1794 linguam,

336 1803 383 1836 Ut
406 1810 534 1842 semper
559 1810 710 1840 crescam,
737 1811 801 1834 non
827 1802 1020 1844 decrescam,
1047 1809 1123 1841 rege
1148 1801 1256 1836 vitam,

336 1851 405 1883 Iam
428 1849 490 1882 tibi
513 1850 710 1892 commendo,
736 1858 855 1890 sponsa
879 1849 1011 1889 Christi,
1036 1849 1131 1880 simul
1155 1857 1266 1881 omnes

339 1897 490 1930 Viventes
514 1898 615 1930 iustos
641 1897 734 1929 simul
758 1898 956 1938 iniust-,osque
980 1897 1134 1937 sepultos,

337 1946 362 1979 Ο
389 1946 453 1987 pia,
480 1945 613 1986 dignare
634 1954 693 1986 pro
720 1945 842 1978 cunctis
867 1944 1055 1985 efflagitare,

253 1994 309 2027 25.
337 1993 530 2026 Cunctorum
555 1994 657 2026 mater
679 1992 816 2025 fidorum
841 1993 886 2025 sis
911 1995 944 2025 et
967 1992 1115 2025 amatrix.

337 2041 469 2081 Vellem,
498 2041 582 2081 quod
607 2040 713 2073 cuncti
737 2042 939 2074 salvarentur
963 2049 1060 2081 prece
1084 2040 1206 2081 matris,

335 2089 383 2124 Ut
406 2097 515 2122 omnes
540 2089 713 2122 Dominum
736 2089 872 2122 laudare
895 2089 970 2130 polo
994 2097 1184 2131 mereamur,

336 2138 395 2179 Qui
420 2141 487 2170 tam
511 2146 627 2178 magna
652 2137 752 2178 dedit,
777 2137 851 2178 quia
874 2138 1108 2178 plasmavitque
1132 2137 1279 2170 redemit.

336 2186 451 2219 Gaude
475 2194 612 2226 semper,
638 2195 707 2230 ave,
733 2184 792 2218 fiat
814 2185 904 2226 mihi,
930 2186 1016 2225 quod
1039 2185 1189 2226 rogitavi.

252 2234 308 2268 30.
333 2236 402 2268 Ista
425 2237 520 2274 pater
543 2236 687 2274 praestet
710 2236 814 2275 natus,
840 2242 965 2266 sacrum
990 2242 1115 2276 quoque
1138 2232 1265 2275 flamen,

335 2282 453 2315 Trinus
478 2285 510 2314 et
533 2291 626 2321 unus,
652 2282 727 2315 huic
750 2282 821 2315 laus
845 2282 897 2327 sit,
921 2282 1034 2324 gloria,
1062 2282 1169 2315 decus.

191 2350 273 2380 Orat.
288 2358 340 2377 ms.
355 2348 471 2378 Alberti
477 2348 529 2377 VI.
541 2348 717 2377 Archiducis
728 2347 875 2376 Austriae.
898 2348 969 2376 Cod.
979 2346 1289 2376 Palat.Vindobonen.
1300 2343 1382 2374 1846.
1395 2359 1434 2364 —

112 2388 132 2418 4
153 2398 241 2426 quam
268 2388 367 2425 digna.
393 2403 429 2407 ι
457 2387 475 2416 7
502 2390 638 2416 matrona
664 2389 767 2416 nr6na.
794 2402 831 2407 --
860 2385 895 2415 15
916 2387 1009 2415 multa
1027 2388 1108 2416 bona
1127 2386 1201 2413 facis
1221 2383 1294 2412 mihi
1316 2392 1432 2420 quoque

112 2430 210 2458 fecisti
228 2428 387 2464 faciesque.
407 2442 445 2447 —
464 2426 549 2457 Nach
569 2424 605 2455 31
626 2435 679 2463 per
699 2425 817 2455 infinita
836 2426 956 2454 saecula
976 2425 1169 2454 saeculorum.
1211 2424 1314 2451 Amen.
