1651 2700
705 139 941 175 ,74-

187 247 242 280 82.
267 246 315 278 Te
337 244 470 277 laudare

318 293 441 325 beatam
467 291 619 333 cupimus,

271 340 335 373 Sed
358 339 392 372 in
415 338 510 371 laude

318 390 373 419 tua
398 384 570 426 deficimus,

272 436 388 468 Sensus
417 435 525 465 noster

320 480 424 513 adhuc
446 482 496 511 est
518 478 675 520 minimus,

272 530 349 562 Cum
373 536 429 560 nos
456 527 495 559 de
519 529 552 558 te

316 577 404 607 tanta
428 573 647 613 conspicimus

188 655 243 688 83.
270 651 352 684 Nam
375 651 404 681 si
427 650 561 682 mundus

316 697 433 738 pagina
456 696 556 739 fieret,

269 747 314 778 Et
337 753 388 777 res
413 743 514 776 omnis

315 792 350 825 in
374 800 411 823 ea
435 790 599 836 scriberet,

269 840 397 872 Laudes
420 841 491 871 tuas

316 896 380 920 non
405 886 697 927 comprehenderet,

273 934 352 974 Quia
375 936 424 966 tot
447 937 529 975 sunt,

319 981 402 1022 quod
428 990 491 1014 non
514 981 684 1014 sufficeret.

192 1062 248 1095 84.
273 1059 358 1099 Ergo
382 1061 533 1098 quantum

320 1108 426 1139 movet
448 1106 571 1138 invidia

276 1154 407 1187 Hostem
433 1162 571 1192 saevum,

324 1202 377 1241 qui
401 1210 460 1241 pro
484 1201 634 1241 superbia

274 1249 325 1281 De
349 1248 495 1288 supernis

323 1296 432 1336 lapsus
455 1296 490 1328 in
513 1296 590 1328 vilia

279 1344 359 1376 Vilis
384 1341 487 1376 factus

326 1394 373 1423 est
396 1400 495 1432 super
519 1393 633 1432 omnia,

196 1471 251 1504 85.
279 1468 356 1501 Cum
379 1471 412 1500 te
437 1467 539 1500 cernit

326 1515 501 1556 praelatam
527 1516 671 1548 omnibus

280 1563 324 1595 Et
347 1572 382 1594 se
405 1562 494 1595 videt

329 1619 466 1642 mersum
492 1609 684 1642 foetoribus!

284 1657 425 1696 Quantis
449 1660 553 1698 putas,

331 1707 474 1737 movetur
497 1704 653 1747 tristibus,

285 1751 385 1784 Nobis
409 1760 526 1784 nocens

333 1799 366 1831 in
393 1800 513 1831 cunctis
537 1799 683 1832 actibus?

204 1878 261 1910 86.
286 1875 349 1908 Sed
374 1884 522 1908 succurre

332 1922 423 1955 nobis
449 1924 622 1964 celerrima,

287 1970 336 2002 Ne
360 1979 417 2002 nos
443 1970 571 2003 damnet

335 2026 410 2058 pars
433 2018 630 2060 impiissima,

290 2066 487 2105 Argumenta

337 2120 417 2152 quae
441 2112 588 2145 fraudum
612 2113 752 2153 plurima

292 2160 410 2193 Tendit
434 2160 548 2192 multos

340 2207 457 2240 ducens
480 2209 521 2240 ad
542 2206 659 2241 infima.

212 2287 269 2321 87.
293 2284 468 2318 Benedicta

340 2334 373 2365 in
398 2331 592 2371 mulieribus,

295 2381 341 2413 Te
363 2389 508 2422 rogamus

342 2428 502 2461 immensis
525 2427 684 2470 precibus,

870 459 926 492 88.

873 868 928 901 89.

877 1276 931 1310 90.

882 1686 938 1719 91.

890 2096 945 2128 92.

949 238 1000 270 Ne
1024 242 1081 265 nos
1108 229 1238 263 claudat

996 280 1115 315 inferni
1139 276 1284 310 faucibus

950 333 1103 368 Daemon,
1129 325 1195 357 suis

997 376 1116 411 obsiste
1139 369 1319 405 fraudibus.

952 452 1084 495 Quando
1106 450 1214 491 potest

998 506 1187 541 quemquam
1213 494 1372 534 decipere,

951 549 1042 581 Tunc
1068 546 1208 578 laetatur

1000 604 1059 636 pro
1083 595 1172 625 tanto
1197 590 1330 629 scelere,

952 642 1038 685 Noli⁷
1064 641 1120 682 pia

999 690 1100 731 virgo,
1128 686 1314 724 concedere,

955 737 1085 770 Plebem
1110 739 1197 768 tuam

1003 784 1088 827 quod
1111 782 1217 825 possit
1239 780 1379 815 laedere.

955 865 1096 897 Tueatur

1000 920 1058 944 nos
1083 912 1139 942 tua
1164 909 1306 946 dextera,

957 960 1024 999 Qua
1050 956 1191 991 donabas

1001 1015 1117 1048 panem
1141 1006 1175 1036 et
1198 1005 1306 1035 cetera

956 1056 1023 1088 Tuo
1048 1055 1135 1094 nato,

1004 1102 1058 1143 qui
1083 1109 1189 1132 rerum
1214 1105 1332 1139 genera

959 1149 1087 1183 Creavit
1110 1157 1181 1188 reg-

1004 1206 1085 1230 nans
1111 1203 1207 1235 super
1232 1193 1375 1226 aethera.

957 1274 1056 1307 Totus
1082 1271 1168 1304 orbis

1007 1324 1056 1353 est
1079 1319 1139 1352 tibi
1163 1318 1322 1358 subditus,

962 1369 1061 1410 Opem
1085 1368 1135 1400 illi

1009 1415 1119 1449 confer
1147 1414 1310 1455 divinitus,

962 1464 1011 1497 Ne
1036 1473 1093 1496 nos
1116 1463 1226 1495 laedat

1009 1511 1152 1552 poenalis
1179 1510 1283 1543 exitus

962 1559 1031 1592 Nec
1055 1559 1211 1600 malignus

1010 1606 1129 1639 inferni
1154 1605 1297 1646 spiritus.

964 1684 1068 1724 Super
1091 1686 1147 1716 tua

1012 1731 1107 1772 plebe
1130 1739 1194 1763 non
1217 1730 1356 1770 gaudeat

965 1779 1052 1812 Tuus
1075 1778 1189 1819 hostis,

1014 1827 1072 1859 sed
1095 1826 1196 1867 magis
1222 1826 1340 1870 doleat,

967 1875 1037 1907 Tua
1059 1873 1150 1907 nobis

1016 1922 1118 1956 virtus
1143 1923 1330 1963 praevaleat

967 1970 1012 2004 Et
1034 1970 1067 2002 in
1093 1970 1175 2002 hono

1016 2027 1142 2059 semper
1166 2028 1223 2051 nos
1248 2021 1365 2052 teneat.

971 2094 1177 2135 Theophilus,

1018 2152 1036 2175 ο
1060 2145 1163 2174 mater
1185 2144 1307 2185 veniae,

968 2191 1009 2223 Iu
1036 2188 1161 2222 foveam

1018 2238 1129 2276 lapsus
1153 2237 1295 2271 malitiae

972 2286 1178 2325 Argumentis

1017 2331 1257 2366 misericordiae

973 2379 1062 2411 Tuae
1089 2379 1181 2412 nobis

1021 2426 1115 2460 adest
1137 2431 1311 2467 potentiae,
