1651 2700
157 213 212 246 20.

158 623 214 657 21.

155 1034 210 1067 22.

155 1443 210 1475 23.

152 1855 208 1887 24.

153 2269 208 2303 25.

671 118 931 156 —115-

239 212 310 246 Hac
336 214 377 246 de
402 223 498 247 causa
521 215 651 248 veniens

287 262 329 294 ad
355 264 398 303 te,
424 263 515 303 virgo
541 264 690 304 clemens,

240 309 302 341 Pro
329 310 496 342 commisso
522 311 636 343 merito

285 357 423 398 pavidus
449 360 482 389 et
505 361 656 399 tremens,

239 404 321 436 Toto
349 405 446 437 corde
470 406 636 448 deprecor,

288 455 324 483 ut
348 461 399 484 me
423 453 512 485 iuves
538 462 686 494 premens

239 500 351 541 Dolos,
379 509 457 539 quos
482 501 676 542 multiplicat

284 548 319 579 in
344 556 395 580 me
419 548 520 580 hostis
546 547 697 581 fremens.

240 625 438 657 inexhausta
459 624 597 665 bonitaS,

288 680 369 712 quae
393 674 554 711 gementes
579 672 671 703 audis

240 720 286 751 Et
310 720 352 752 ad
377 728 487 750 vocem
511 719 663 760 pauperis

287 775 447 806 nunquam
473 775 566 798 aures
593 766 725 809 claudis,

240 815 303 846 Per
329 820 362 847 te
386 814 414 845 si
441 814 611 846 recesserit

288 863 517 893 commentator
545 861 677 901 fraudis,

239 909 313 941 Tibi
338 907 529 941 sacrificium

283 956 455 988 immolabo
480 956 598 989 laudis.

236 1032 297 1072 Ha,
325 1032 401 1073 quid
429 1032 496 1064 dixi
517 1032 667 1072 putridus

288 1084 320 1112 et
344 1079 484 1112 foetidus
509 1080 636 1121 vermis,

240 1128 337 1167 Quasi
362 1127 421 1159 tibi
446 1128 553 1167 pariat

287 1175 410 1216 aliquid
434 1175 574 1219 honoris,

239 1223 272 1255 Si
299 1226 331 1255 te
358 1222 628 1254 commendaverit

285 1272 347 1302 mei
370 1268 465 1302 flatus
489 1271 564 1314 oris,

240 1318 317 1351 Cum
343 1318 558 1358 adpretianda
581 1317 651 1350 laus

286 1375 349 1399 non
374 1366 418 1397 sit
441 1365 630 1405 peccatoris.

238 1440 326 1474 Vere
349 1450 412 1474 non
437 1440 618 1474 sufficerem

285 1499 353 1532 ego,
380 1498 492 1521 scurra
514 1489 599 1532 vilis,

238 1537 367 1570 Laudes
393 1539 465 1568 tuas
489 1537 643 1576 scribere,

286 1586 361 1617 licet
386 1584 475 1616 mille
500 1585 593 1624 stilis,

237 1633 301 1666 Sed
325 1633 359 1665 in
388 1632 595 1664 tabernaculo

282 1680 406 1721 placuit
431 1680 523 1712 exilis

236 1730 418 1770 Pauperum
445 1727 564 1760 oblatio

286 1777 326 1809 de
350 1785 518 1816 caprarum
543 1775 630 1817 pilis,

236 1854 290 1887 Sic
316 1856 374 1892 est,
403 1853 505 1885 dulcis
532 1853 669 1894 domina,

284 1902 364 1933 nihil
392 1900 520 1941 dignum
548 1901 633 1940 dare,

234 1949 327 1981 Nihil
352 1948 550 1980 meritorium

282 2005 412 2037 possum
437 1996 587 2038 allegare,

236 2046 357 2077 Tamen
382 2053 472 2076 more
497 2053 673 2085 pauperum

284 2094 404 2126 discam
429 2093 622 2132 mendicare,

235 2141 270 2174 Si
293 2150 371 2182 quas
397 2139 482 2172 forte
506 2141 638 2174 miculas

281 2190 401 2230 possim
427 2189 612 2230 impetrare.

235 2268 332 2308 Ecce,
358 2266 449 2307 virgo
472 2267 569 2310 regia,

280 2318 396 2356 potens
420 2315 621 2355 imperatriX,

235 2363 316 2397 Cum
339 2363 449 2405 pulsat
473 2364 516 2395 ad
542 2362 659 2404 ostium

278 2413 385 2446 anima
407 2412 582 2456 peccatrix,

844 437 898 469 26.

841 844 897 877 27.

837 1254 893 1286 28.

837 1663 893 1695 29.

840 2077 895 2109 30.

924 217 1019 249 Illam
1043 225 1084 247 ne
1110 216 1280 258 despicias,

973 265 1026 305 pia
1051 264 1233 305 mediatrix,

925 312 1011 351 Quae
1037 319 1069 342 es
1096 310 1322 344 confidentium

971 360 1005 392 in
1030 361 1064 390 te
1087 359 1330 400 propugnatriX.

925 435 1009 467 Sane
1033 443 1096 466 non
1118 435 1277 467 inveniam

973 484 1006 514 in
1032 485 1212 514 sanctorum
1237 482 1318 523 vico,

925 530 985 569 Qui
1011 530 1066 563 det
1090 530 1304 570 elemosynam

971 578 1106 617 pauperi
1130 578 1276 609 mendico

924 625 991 657 Aut
1015 625 1164 656 ostendat
1186 625 1322 657 hilarem

972 674 1092 705 vultum
1116 674 1153 703 ut
1177 672 1289 713 amieo,

924 719 958 751 Si
983 727 1033 751 me
1059 719 1129 752 fons
1156 719 1342 751 clementiae

969 770 1110 808 spernat,
1138 767 1178 799 de
1202 770 1235 799 te
1260 767 1341 800 dico.

922 843 987 876 Sed
1014 851 1083 875 cum
1106 843 1141 875 in
1165 845 1198 875 te
1222 843 1344 884 gratiae

970 899 1093 922 summa
1118 891 1160 922 sit
1184 891 1325 930 ubertas,

924 939 985 970 Per
1011 947 1104 978 quam
1129 938 1230 971 servis
1255 937 1392 977 perditis

969 985 1118 1018 redditur
1141 985 1285 1022 libertas,

920 1033 997 1064 Mea
1021 1034 1053 1063 te
1079 1032 1291 1072 largissimam

970 1079 1085 1112 sentiat
1110 1082 1293 1119 paupertas

923 1127 1001 1160 Cum
1026 1136 1045 1158 a
1068 1127 1156 1158 nullo
1181 1134 1324 1167 paupere

969 1174 1083 1207 faciem
1109 1177 1246 1207 avertas.

922 1252 1010 1285 Caeli
1036 1251 1211 1291 cellularia‚

970 1300 1073 1339 pietas
1101 1299 1264 1341 immensa,

922 1348 990 1387 Qua
1014 1347 1174 1378 sustentas
1199 1354 1367 1386 pauperes,

968 1402 1129 1434 nunquam
1155 1396 1204 1425 est
1226 1402 1376 1434 expensa,

922 1443 992 1474 Tua
1016 1441 1135 1482 quippe
1161 1442 1294 1473 dextera

969 1497 1095 1528 semper
1121 1491 1170 1520 est
1194 1491 1327 1520 extensa

920 1537 976 1570 Ad
998 1536 1193 1577 pascendum
1218 1544 1376 1576 pauperes

969 1585 1009 1617 de
1034 1584 1164 1615 caelesti
1188 1592 1307 1615 mensa.

920 1662 945 1695 O
971 1670 1065 1702 quam
1089 1660 1205 1692 multos
1230 1659 1342 1702 habeo,

967 1717 1060 1742 sacra
1084 1709 1185 1752 virgo,
1212 1710 1324 1750 testes,

920 1758 1012 1798 Quod
1037 1756 1165 1788 abunde
1188 1755 1314 1788 miseris

966 1806 1038 1842 hoc,
1056 1804 1141 1844 quod
1153 1806 1277 1846 petunt,
1295 1808 1452 1846 praestes,

920 1853 1037 1885 Nullus
1064 1852 1147 1883 enim
1173 1854 1260 1885 amat
1284 1854 1325 1895 te,

969 1909 1060 1941 quem
1086 1903 1123 1931 tu
1146 1909 1210 1932 non
1236 1900 1394 1942 honestes,

922 1949 1044 1982 Sanane
1072 1946 1247 1979 efficaciter

969 1996 1075 2029 cordis
1102 1996 1168 2027 eius
1193 1998 1312 2036 pestes.

921 2074 993 2107 Hoc
1019 2075 1077 2114 est,
1105 2073 1343 2114 benignissima,

967 2122 1027 2154 tibi
1052 2122 1137 2161 quod
1163 2122 1277 2163 allego,

920 2170 1051 2203 Scilicet
1075 2170 1160 2210 quod
1184 2169 1336 2201 miserum

968 2227 1038 2251 esse
1062 2226 1113 2249 me
1136 2227 1201 2250 non
1224 2225 1316 2258 nego,

920 2266 1003 2299 Nam
1027 2266 1269 2299 misericordiae

967 2318 1101 2348 matrem
1128 2323 1198 2346 cum
1224 2316 1256 2345 te
1281 2313 1362 2353 lego,

921 2364 1000 2398 Cum
1025 2363 1086 2395 sim
1109 2362 1217 2402 miser,
1242 2368 1367 2393 mereor

968 2420 1038 2444 esse
1061 2415 1134 2442 tuus
1160 2418 1227 2450 ego.

1247 2461 1289 2492 8*
