1651 2700
161 226 193 258 3.
221 224 327 266 Salve,
354 229 499 260 sanctum

266 274 370 307 vellus
396 274 556 309 Gedeonis

219 321 328 362 Atque
351 322 485 355 thronus

267 370 337 402 veri
362 369 552 414 Salomonis,

223 416 283 449 Cui
307 417 414 449 nullus

269 462 332 496 fuit
355 474 417 506 par
440 466 474 497 in
500 467 625 500 thronis

317 514 400 545 Arte
425 513 477 545 vel
502 514 648 549 materia.

218 559 311 591 Ebur
337 560 477 592 candens

269 610 346 640 tuae
370 608 541 650 castitatis,

221 655 345 687 Aurum
370 654 496 696 fulgens

267 704 342 735 tuae
368 703 511 736 caritatis

221 750 348 791 Sexque
372 751 492 790 gradus

268 799 370 830 omnis
396 800 576 831 sanctitatis

316 846 529 886 Praesignant
553 847 717 885 mysteria.

161 924 193 956 4.
222 923 247 956 Ο
273 923 390 964 Maria,

269 974 373 1003 mater
396 970 579 1013 salvatoris,

222 1018 311 1050 Audi
335 1017 429 1050 fletus

269 1066 365 1098 huius
390 1067 570 1106 peccatoris

221 1113 267 1145 Et
290 1121 389 1154 super
411 1121 464 1144 me

271 1162 380 1193 oculos
406 1160 547 1192 dulcoris

316 1207 430 1249 Dirige
454 1208 606 1248 propitia.

224 1257 279 1289 Sic
303 1256 440 1297 respice,

272 1307 310 1336 nt
332 1303 474 1345 peccatis
498 1303 663 1346 mundum,

224 1352 407 1385 Virtutibus

269 1400 389 1432 reddas
413 1407 465 1430 me
489 1397 670 1442 fecundum,

222 1447 260 1479 In
285 1446 435 1480 laudibus

271 1495 337 1527 tuis
359 1492 413 1526 fac
432 1494 616 1532 iucundum,

321 1543 432 1582 Virgo,
458 1541 565 1574 David
591 1540 667 1575 filia.

164 1621 197 1651 5.
223 1618 331 1661 Salve,
356 1616 474 1650 florens

270 1667 382 1699 hortus
407 1668 516 1698 austro
541 1664 651 1706 flante,

220 1715 321 1747 Porta
346 1713 456 1746 ciausa

269 1765 345 1802 post
367 1764 496 1801 partum
522 1764 555 1793 et
579 1763 663 1802 ante,

219 1810 328 1842 Mater
351 1809 442 1849 virgo

273 1858 343 1890 sola
368 1857 558 1897 disponente

317 1904 437 1937 Divina
462 1906 615 1945 potentia.

221 1954 261 1986 In
285 1956 319 1985 te
343 1952 446 1986 virtus

273 2004 322 2033 est
345 2000 521 2042 patientiae

221 2050 309 2082 Rosa
333 2048 428 2082 simul

271 2100 304 2130 et
328 2096 560 2137 temperantiae

221 2146 303 2179 Cum
327 2145 413 2179 viola

270 2192 513 2226 misericordiae

320 2240 417 2275 Suavi
442 2239 627 2282 fraglantia.

770 134 837 169 201
887 154 936 160 -—

847 232 878 264 6.
903 229 1032 271 Frange
1055 234 1168 269 potens

953 277 1091 311 hostium
1116 282 1247 311 conatus

903 326 1011 367 Atque
1035 333 1109 365 rege

951 373 1066 406 mentis
1091 382 1181 405 meae
1205 375 1306 405 status

904 420 950 452 Et
974 423 1084 454 averte

951 476 1068 508 pravos
1095 468 1259 508 cogitatus,

1003 515 1127 549 Cuncta
1150 516 1244 547 simui
1267 515 1373 550 noxia.

904 562 1116 596 Dulcedinem

954 609 1053 643 funde
1078 610 1232 652 caritatis,

904 657 1104 690 Medicinam

955 706 1038 738 dona
1057 706 1225 747 castitatis,

905 751 1107 793 Discipulum

953 799 1006 832 fac
1030 800 1219 832 humilitatis

1001 847 1057 880 Me
1080 850 1135 880 tua
1161 848 1337 882 clementia.

872 947 881 955 .
908 923 1013 963 Salve,
1038 924 1128 964 virga

956 972 996 1003 de
1020 972 1132 1004 radice
1156 973 1252 1012 Iesse,

906 1018 956 1050 De
981 1027 1043 1058 qua
1067 1017 1145 1050 fecit

953 1066 1041 1097 Deus
1066 1064 1176 1097 florem
1201 1075 1281 1109 esse,

907 1112 967 1152 Qui
991 1115 1132 1144 mortuos

955 1163 1085 1193 revocat
1109 1161 1152 1192 ad
1178 1170 1247 1193 esse

1004 1208 1139 1247 Propria
1163 1207 1345 1250 fraglantia.

906 1255 955 1286 Tu
980 1254 1087 1287 frutex
1113 1264 1146 1287 es

956 1303 1042 1335 vitae
1065 1302 1235 1347 salvificus,

908 1350 1004 1383 Cuius
1029 1348 1087 1382 flos
1113 1354 1162 1382 est

957 1394 1048 1440 [tam]
1074 1400 1275 1442 aromaticuS,

908 1446 1046 1478 Fructus
1071 1447 1143 1477 tuus

956 1492 1053 1525 vaide
1075 1493 1243 1526 mellificus

1004 1540 1093 1573 Dans
1118 1544 1249 1573 aeterna
1274 1542 1400 1581 gaudia.

874 1641 882 1649 .
910 1616 935 1649 O
961 1618 1072 1658 regina

955 1664 1047 1705 regni
1068 1663 1230 1708 Davidici‚

908 1713 978 1745 Fac
1001 1711 1110 1744 odoris

956 1758 1045 1792 floris
1072 1760 1233 1803 dominici,

909 1807 976 1846 Quo
1001 1810 1165 1839 merentur

957 1855 1062 1897 angeli
1086 1854 1185 1895 refici,

1004 1902 1072 1935 Nos
1096 1906 1226 1944 gustare
1250 1903 1367 1944 dulcia,

910 1951 958 1984 Ut
982 1951 1140 1983 discamus

956 1999 1110 2031 mundum
1136 1999 1302 2041 despicere

907 2047 953 2079 Et
975 2049 1050 2087 post
1074 2047 1140 2079 eius

949 2096 1081 2127 odorem
1107 2104 1236 2128 currere

908 2143 1017 2183 Teque
1042 2143 1123 2175 duce

959 2192 1063 2224 caelos
1087 2193 1263 2225 ascendere

1005 2240 1070 2272 Per
1094 2243 1226 2273 aeterna
1249 2239 1387 2273 saecula.

226 2317 308 2346 Orat.
334 2325 388 2345 ms.
407 2316 571 2353 Gampense
600 2316 671 2342 anni
696 2313 779 2343 1462.
820 2314 890 2343 Cod.
911 2315 1130 2343 Darmstadien.
1156 2314 1221 2343 521.
1241 2329 1279 2334 ⁶—
1302 2312 1332 2348 1,
1365 2313 1400 2342 12
1420 2324 1464 2352 sq.

147 2358 332 2394 Oai-nemque
362 2358 494 2384 nostram
519 2363 618 2382 secum
651 2355 758 2382 univit.
778 2368 817 2373 -—-
837 2352 870 2388 4,
903 2353 937 2382 11
959 2363 1007 2382 me
1027 2354 1110 2382 fehlt.
1129 2370 1168 2374 --
1188 2353 1205 2381 7
1215 2374 1221 2388 ,
1250 2351 1284 2380 11
1304 2352 1379 2380 fehlt
1399 2354 1463 2381 eine

146 2396 238 2427 Silbe.
266 2411 305 2415 —
332 2393 363 2430 8,
392 2392 428 2423 10
454 2403 499 2429 sq.
518 2394 561 2421 Et
584 2395 653 2430 post
672 2392 806 2424 decorem
827 2393 890 2420 eius
913 2401 1037 2421 currere.
1059 2409 1096 2413 —
1116 2393 1165 2421 Str
1194 2390 1227 2426 2,
1253 2389 1285 2425 4,
1314 2389 1331 2418 6
1352 2392 1395 2419 als
1418 2392 1466 2419 be-

146 2436 286 2466 sonderes
305 2433 382 2463 Lied
401 2434 435 2461 in
456 2433 526 2461 Cod.
548 2432 736 2461 Ultraiectin.
757 2431 877 2468 Scriptt.
897 2431 978 2460 Eccl.
999 2429 1065 2460 375.
1085 2432 1155 2459 anm'
1178 2428 1261 2458 1477.
