1651 2700
697 132 741 138 —-
791 111 860 148 225
914 133 956 138 —

614 205 674 239 178.
707 203 751 238 De
770 205 867 238 beata
886 204 988 237 Maria
1006 205 1042 236 V.

181 274 211 307 1.
238 274 330 315 Vale,
355 275 457 319 virgo,
483 275 632 318 fragrans
657 286 740 318 rosa,
856 277 889 310 4.
914 276 964 308 Tu
987 275 1113 315 peccati
1137 275 1230 315 spina
1255 283 1375 317 carenS,

237 322 326 354 Rosa
349 323 421 356 visu
445 325 599 367 speciosa,
916 324 1476 364 Sempervernans,nunquamarcns,

286 369 375 403 Rosa
398 372 468 404 sine
491 372 607 413 pretio,
962 370 1048 411 Agni
1072 370 1190 403 rubens
1214 369 1377 410 sanguine,

239 417 326 449 Rosa
349 418 451 451 mirae
474 420 638 461 novitatis,
915 418 982 450 Nos
1006 419 1131 458 peccati
1156 418 1249 458 spina
1273 416 1395 457 pungit,

239 465 327 505 Quae
350 475 409 498 nos
434 469 508 499 tuae
531 467 661 507 pietatis
915 465 978 498 Sed
1003 468 1035 496 te
1059 466 1164 506 replet
1188 467 1221 496 et
1243 463 1394 504 perungit

286 512 459 547 Perfundis
481 515 615 547 rosario.
963 512 1026 545 Suo
1050 512 1138 545 Deus
1163 512 1300 544 numine.

179 590 210 621 2.
238 589 323 621 Vere
349 588 454 621 dulcis
479 590 585 630 liquor
608 590 680 628 iste,
855 590 886 622 5.
913 589 963 622 Tu
987 588 1153 622 abundans
1179 589 1299 620 cunctis
1323 586 1426 628 bonis,

238 636 288 668 De
313 645 374 676 quo
399 637 514 669 bibunt
538 638 701 678 agonistae
914 636 989 669 Sola
1013 636 1104 678 prior
1127 646 1160 669 es
1184 637 1216 668 in
1244 634 1344 675 donis,

287 684 459 717 Currentes
484 685 518 716 in
543 685 658 725 stadio,
961 684 1069 716 Maior
1092 684 1124 716 in
1149 683 1294 724 imperio,

237 732 304 771 Quo
329 730 445 764 refecti
468 732 671 774 roborantur,
914 732 1002 771 Quae
1021 730 1112 763 nobis
1137 732 1194 763 das
1219 729 1388 763 affluenter

235 779 321 811 Dum
348 779 462 812 devote
485 783 678 812 venerantur
913 779 958 811 Et
983 779 1123 812 custodis
1147 788 1205 811 nos
1230 780 1378 819 potenter

285 826 333 858 Te
358 827 463 859 laudis
488 826 605 860 officio.
960 827 990 858 A
1016 827 1127 859 mundi
1152 825 1307 866 contagio.

178 903 210 935 3.
237 902 286 933 Tu
310 911 455 934 rosarum
479 911 553 935 rosa
854 905 885 937 6.
912 903 990 935 Flos
1016 903 1125 944 electe,
1151 901 1209 935 flos
1232 901 1375 941 insignis,

235 949 324 982 Vere
350 949 437 982 dicta
461 959 545 993 rosa,
910 951 1008 990 Quem
1040 950 1216 990 praeclaris
1249 950 1343 983 ornat
1366 948 1465 989 signis

285 996 374 1029 Rosa
397 1000 498 1037 nupta
520 997 599 1038 lilio,
960 997 1080 1029 Summi
1103 996 1191 1030 floris
1216 996 1353 1038 bonitaS,

237 1044 360 1076 Liliosa
384 1053 458 1077 rosa
483 1044 612 1088 Christi,
910 1045 979 1076 Fac
1003 1045 1101 1077 odore
1125 1047 1179 1076 tuo
1204 1044 1304 1085 pasci,

236 1092 287 1124 De
310 1091 436 1131 spineto
462 1091 648 1132 processisti
913 1092 996 1131 Quos
1021 1092 1054 1122 in
1081 1092 1207 1125 Christo
1232 1091 1302 1123 vult
1323 1090 1449 1123 renasci

286 1139 426 1172 Iudaeae
451 1140 583 1173 rosario.
959 1138 1020 1170 Tui
1046 1139 1152 1171 cordis
1176 1138 1303 1171 caritas..

518 1207 549 1239 7.
576 1206 663 1245 Quae
687 1214 746 1246 per
770 1210 859 1239 tuum
881 1205 993 1238 florem
1016 1204 1121 1245 fiores,

571 1254 690 1286 Dulces
715 1255 806 1286 mitte
830 1254 921 1286 nobis
944 1252 1040 1286 fiores

618 1301 774 1342 specialis
798 1302 931 1343 gratiae,

570 1349 617 1383 Ut
639 1349 674 1381 in
699 1350 796 1382 caelis
820 1348 989 1383 floreamus

572 1397 636 1430 Per
659 1399 693 1428 te
715 1395 837 1439 florem,
863 1405 955 1437 quam
980 1395 1158 1437 laudamus,

619 1445 727 1477 Mater
751 1445 835 1486 regis
860 1444 990 1485 gloriae.

239 1528 321 1556 Orat.
346 1537 399 1557 ms.
427 1530 540 1557 Domus
566 1530 670 1557 Novae
696 1528 787 1557 Lucis
815 1530 886 1556 anni
913 1526 995 1555 1477.
1043 1526 1113 1556 God.
1142 1527 1330 1556 Ultraiectin.
1355 1525 1474 1562 Scriptt.

161 1567 243 1595 Eccl.
265 1565 330 1595 375.
350 1581 389 1586 ——
411 1565 444 1602 3,
472 1565 490 1595 3
510 1569 603 1604 nupta
622 1566 692 1595 filio.
715 1583 752 1588 --
773 1565 804 1602 3,
825 1565 845 1594 4
863 1567 977 1594 Filiosa
996 1574 1073 1594 rosa.
1093 1580 1132 1584 —-
1150 1563 1183 1600 4,
1208 1564 1225 1593 6
1244 1565 1326 1592 Deus
1346 1572 1475 1592 munere.

159 1619 199 1624 —-
223 1603 255 1639 7,
286 1603 301 1632 1
329 1606 376 1633 bis
402 1604 420 1634 3
442 1607 525 1640 Quae
549 1615 602 1642 per
624 1607 654 1633 te
679 1605 779 1634 florem
806 1606 888 1633 floris
912 1605 999 1632 flores
1027 1603 1126 1632 dulces
1147 1604 1239 1631 mittis
1261 1603 1348 1631 nobis
1367 1603 1474 1631 florens

158 1644 284 1680 speciali
303 1644 409 1679 gratia.
429 1659 468 1663 -——
487 1644 740 1680 Miiglicherweise
760 1641 903 1680 Sequenz.

589 1766 648 1798 179.
679 1765 722 1797 De
739 1765 837 1798 beata
857 1764 961 1797 Maria
979 1764 1016 1796 V.

175 1855 205 1888 1.
231 1854 323 1896 Vale,
350 1855 439 1897 virgo
465 1856 614 1896 gloriosa,
862 1857 894 1889 3.
921 1855 1010 1888 Iesse
1034 1862 1074 1887 ex
1098 1853 1222 1894 origine

235 1902 333 1943 Virga
359 1902 513 1936 frondens
538 1906 569 1935 et
592 1902 757 1946 frondosa,
919 1903 1028 1942 Atque
1051 1901 1127 1934 Sion
1152 1901 1296 1942 germine

279 1950 374 1982 Vitae
397 1950 575 1995 salutifera,
968 1950 1071 1983 Stella
1093 1949 1190 1982 Iacob
1216 1948 1328 1990 oritur,

232 1999 297 2032 Res
322 1999 480 2037 miranda,
509 1999 590 2031 caeli
614 2007 688 2031 rore
917 1998 969 2031 Ex
993 1997 1101 2030 Maria
1128 1997 1251 2038 virgine

232 2046 396 2081 Castitatis
421 2048 511 2080 salvo
536 2046 616 2079 flore
916 2046 963 2079 Et
990 2045 1135 2087 spirante
1159 2043 1287 2077 fiamine

278 2094 376 2136 Virgo
401 2095 440 2127 fit
463 2104 634 2136 puerpera.
967 2093 1108 2126 Verbum
1132 2093 1195 2126 Dei
1218 2092 1371 2125 nascitur.

176 2165 209 2197 2.
235 2162 324 2196 Nutu
350 2163 453 2203 patris
479 2163 632 2195 divinitus
860 2163 894 2195 4.
919 2161 1045 2194 Rubum
1069 2161 1153 2202 ignis
1177 2158 1397 2199 inflammavit,

230 2211 384 2252 Irrigavit
407 2211 584 2252 paraclitus
916 2210 1017 2250 Virga
1040 2207 1152 2242 florem
1178 2207 1378 2250 germinavit,

279 2259 385 2292 Clausi
410 2260 524 2293 hortus
549 2259 663 2302 lilium,
966 2257 1075 2290 Vellus
1100 2266 1175 2290 rore
1198 2255 1333 2296 maduit,

229 2308 300 2348 Quo
324 2307 456 2348 perfusa
482 2307 649 2349 virginitas
917 2306 1015 2346 Virgo
1040 2304 1145 2338 Deum
1169 2304 1326 2346 paritura,

228 2356 321 2389 Parit
346 2359 443 2398 casta,
470 2355 653 2389 fecunditas
918 2353 1102 2387 Creatorem
1128 2354 1285 2392 creatura,

276 2405 370 2444 Vera,
396 2404 510 2438 salutis
535 2403 674 2439 radium.
962 2402 1052 2435 Rore
1077 2401 1156 2435 caeli
1183 2399 1307 2432 claruit.

210 2466 337 2493 Dreveu,
352 2463 397 2489 Pia
410 2464 555 2489 Dictamina.
584 2463 612 2488 V.
1265 2453 1299 2483 15
