1651 2700
662 116 897 152 -23-

584 218 620 252 11.
650 219 694 252 Dc
713 220 810 253 beata
829 221 930 254 Maria
949 221 985 252 V.

498 309 581 349 Ave,
608 310 727 342 Christi
749 314 861 349 mater,
888 319 957 351 ave,

499 357 579 397 Ave,
607 358 760 391 mundum
784 358 940 391 mundans
965 368 985 390 a
1009 368 1077 400 vae,

499 404 606 437 Patris
633 414 750 445 parens
776 410 806 438 et
833 407 992 447 conclave,

500 452 601 485 Mella
627 454 707 486 caeli
731 455 856 486 stillans
882 453 965 494 fave,

441 500 472 533 5.
500 499 616 533 Servos
642 499 753 533 fovens
778 502 879 533 servis
906 501 988 543 fave,

497 547 543 580 Ut
564 548 597 580 in
623 549 702 580 hora
725 550 820 581 sortis
844 558 963 589 pravae

500 595 602 627 Nobis
630 596 731 636 lapsis
757 597 810 628 hic
832 600 899 628 tam
923 605 1022 637 prave

499 643 626 675 Vindex
649 645 719 675 iure
743 653 801 676 rex
824 645 938 684 ignave

497 690 544 722 Te
569 693 701 731 rogante
724 691 797 731 ipsa
819 701 902 723 nave

416 738 472 771 10.
497 737 594 770 Dicat
618 739 721 779 gratia
745 742 821 771 tunc
842 749 911 779 ave,

495 784 636 818 Verbum
661 787 777 818 bonum
803 790 835 818 et
859 796 966 822 suave.

495 834 576 874 Ave,
602 834 686 876 Iesu,
711 838 815 867 mater
838 843 906 867 ave.

200 919 280 947 Orat.
310 927 363 946 ms.
387 918 499 946 Domus
525 919 628 947 Novae
652 919 743 947 Lucis
774 920 844 947 anni
876 917 957 946 1477.
1006 918 1076 947 cod.
1106 920 1291 948 Ultraieetin.
1317 920 1437 957 Scripta

122 956 203 985 Eccl.
218 954 282 985 375.
297 971 335 975 —-
356 954 391 984 10
415 958 513 993 gratia
525 959 584 983 tua.
599 972 636 976 —
652 958 680 985 N
682 957 736 985 ach
748 958 822 985 Vers
839 955 873 984 11
889 958 957 985 Iesu
974 956 1083 985 Christi
1096 959 1243 986 miserere.
1257 973 1295 977 ——
1310 957 1353 986 12.
1371 958 1438 987 Iesu

122 995 220 1023 Maria
238 996 310 1023 Ave.
329 1009 369 1014 --—
386 995 470 1023 Nach
491 995 565 1023 Vers
587 994 622 1023 12
639 996 740 1030 Amen,
761 1004 823 1030 ave,
844 1003 938 1029 amen,
960 1003 1023 1022 ave.

578 1145 620 1177 12.
650 1145 692 1176 De
710 1145 805 1177 beata
824 1145 925 1177 Maria
944 1145 980 1176 V.

139 1236 171 1269 1.
197 1236 278 1273 Ave,
304 1235 366 1267 Dei
390 1235 536 1274 genetrix
824 1237 856 1268 4.
878 1235 993 1276 Maria,
1025 1243 1095 1266 cum
1118 1232 1202 1266 filius

243 1285 275 1314 et
297 1283 511 1321 immaculata,
929 1283 971 1315 sit
995 1282 1134 1315 suavitas
1160 1285 1191 1313 et
1216 1282 1293 1322 vita,

195 1331 303 1373 Virgo,
331 1331 411 1362 caeli
435 1330 595 1373 gaudium,
882 1331 935 1363 Ad
966 1330 1032 1361 eius
1060 1329 1201 1370 delicias,

239 1379 301 1410 toti
326 1377 444 1410 mundo
469 1381 554 1416 nata,
928 1378 992 1418 pia,
1018 1387 1075 1410 nos
1095 1377 1208 1418 invita,

192 1426 245 1458 Ad
271 1427 406 1458 salutem
432 1426 577 1458 omnibus
881 1426 946 1458 Sua
970 1425 1063 1457 nobis
1087 1425 1208 1457 mansio

239 1474 273 1505 in
300 1474 478 1514 exemplum
507 1475 592 1515 data,
928 1482 986 1514 per
1009 1476 1042 1505 te
1065 1472 1122 1505 fiat
1146 1473 1236 1516 scita,

190 1522 332 1563 Dignare
356 1530 406 1553 me
430 1522 564 1554 laudare
588 1525 630 1563 te,
880 1523 918 1555 In
944 1530 1007 1562 qua
1030 1522 1102 1561 ipsa
1126 1521 1251 1560 requies

237 1579 255 1602 o
280 1570 370 1610 virgo
395 1573 531 1602 sacrata.
928 1568 1081 1601 consistat
1104 1569 1234 1601 munita.

128 1658 160 1691 2.
185 1655 289 1696 Reple
314 1655 422 1688 cordis
445 1655 559 1687 intima
818 1656 849 1688 5.
877 1656 992 1689 Omnes
1014 1655 1144 1688 morbos
1167 1655 1302 1695 animae,

235 1703 354 1744 spiritu
378 1706 515 1743 sacrato,
927 1701 1046 1736 caelica
1070 1703 1189 1743 regina,

187 1753 234 1786 Ut
259 1760 375 1792 corpus
402 1754 435 1783 et
458 1752 575 1791 anima,
878 1751 985 1792 Sanet,
1013 1755 1111 1791 curet,
1137 1750 1264 1783 auferat

234 1800 344 1842 lingua
371 1808 439 1831 cum
462 1800 572 1840 palato
925 1803 982 1831 tua
1003 1800 1173 1841 medicina,

187 1848 294 1881 Laudi
318 1848 385 1880 sint
409 1847 571 1890 comparia
876 1848 922 1881 Ut
946 1849 1072 1888 quando
1094 1847 1319 1888 progredimur

236 1897 352 1938 dignae
374 1899 429 1928 tuo
454 1899 540 1936 nato,
926 1896 966 1928 de
990 1896 1101 1928 mundi
1125 1896 1260 1935 sentina,

188 1944 247 1985 Qui
270 1954 331 1985 per
356 1947 389 1975 te
414 1947 596 1976 conumeret
875 1944 942 1977 Nos
967 1944 1001 1976 in
1027 1944 1115 1976 caelo
1141 1945 1274 1976 collocet

232 1993 322 2034 gregi
345 2001 403 2024 nos
428 1992 533 2024 beato.
923 1992 1055 2025 dextera
1081 1992 1199 2025 divina.

127 2083 159 2115 3.
184 2079 379 2113 Benedictus
403 2077 561 2111 Dominus
816 2080 847 2112 6.
875 2079 970 2114 Cuius
994 2078 1215 2113 celsitudinem

232 2128 284 2169 sit,
313 2127 366 2169 qui
392 2131 425 2159 tc
451 2126 573 2159 creavit
919 2127 1013 2168 proni
1037 2128 1263 2168 suppiicamus,

183 2177 228 2210 Et
250 2176 283 2209 in
309 2175 421 2209 matris
445 2179 536 2208 utero
872 2176 917 2209 Ut
941 2184 1060 2217 poenas
1087 2181 1118 2207 et
1141 2176 1271 2216 laqueos

230 2227 263 2257 te
287 2223 500 2258 sanctificavit
918 2224 1031 2257 mortis
1056 2224 1227 2257 evadamus

180 2274 226 2308 Et
250 2273 346 2307 beata
370 2273 495 2305 viscera
870 2274 921 2306 Ac
944 2273 1008 2304 tuis
1033 2271 1192 2312 obsequiis

228 2325 284 2356 tua
308 2321 502 2355 inhabitavit
919 2321 967 2353 sic
990 2330 1048 2354 nos
1074 2321 1281 2359 innectamus,

179 2372 289 2413 Atque
311 2371 346 2403 in
371 2369 561 2403 caelestibus
870 2369 917 2403 Ut
939 2378 999 2411 per
1022 2372 1056 2401 te
1082 2368 1233 2401 caelestia

227 2422 260 2452 te
284 2418 487 2463 glorificavit.
915 2427 1015 2459 regna
1039 2416 1299 2450 conscendamus.
