1651 2700
669 145 900 181 -63-

489 243 521 275 3.
547 242 648 275 Amen
676 242 771 284 dicat,
796 244 850 284 qui
874 243 1035 276 mendicat

594 291 633 323 In
657 291 718 323 hac
742 291 826 323 valle
849 290 959 330 flebili,

545 338 591 371 Ut
613 339 754 370 solamen
780 342 812 371 et
833 340 978 372 iuvamen

593 387 686 419 Plebi
713 387 805 418 detur
830 387 951 422 humili.

208 448 287 477 Orat.
318 458 371 477 ms.
396 450 509 478 Domus
536 452 639 480 Novae
665 453 755 481 Lueis
782 456 853 482 anni
880 452 962 482 1477.
1011 453 1080 482 Cod.
1107 451 1291 480 Ultraiectin.
1321 451 1437 486 §.i-iptt.

129 486 210 514 Eecl.
230 484 297 514 375.
317 502 355 506 —
374 488 458 516 Nach
480 488 504 523 1,
526 487 544 517 8
564 491 706 519 Miserere
726 493 905 520 miserorum.
927 507 963 511 —
984 489 1010 526 3,
1031 489 1049 520 3
1068 490 1110 519 Et
1129 489 1267 517 solamen·

583 592 627 623 41.
659 592 701 623 De
724 593 817 624 beata
836 593 935 624 Maria
956 593 991 624 V.

146 659 176 691 1.
202 659 284 702 Ave,
311 661 410 701 virgo,
436 662 527 693 verbi
551 665 662 703 mater,

205 708 301 747 Quam
327 708 465 748 signavit
486 709 574 741 Deus
599 713 691 749 pater

252 754 315 787 Suo
340 759 449 788 sancto
468 755 613 797 flamine3

206 803 287 845 Ave,
314 803 413 846 virgo,
440 804 530 845 virga
554 805 651 847 Iesse,

201 850 241 882 111
266 860 328 890 qua
351 851 438 883 Deus
461 853 567 892 coepit
592 861 662 884 esse

250 898 314 930 Sub
341 900 446 931 carnis
470 900 638 933 velamine.

145 957 177 989 2.
203 958 284 998 Ave,
309 956 432 997 lampas
457 958 525 989 veri
551 958 637 998 solis,

203 1003 295 1035 Nova
318 1007 421 1036 mater
443 1014 545 1037 novae
569 1006 679 1046 prolis,

829 665 859 696 6.
889 664 968 702 Ave,
999 665 1101 695 mater
1125 661 1263 702 pietatis,

887 711 986 750 Quam
1010 709 1143 743 laudare
1167 718 1259 741 nemo
1285 707 1361 740 satis

933 759 993 790 Vel
1016 760 1123 798 potest
1146 757 1198 788 vel
1222 756 1343 797 potuit;

884 806 965 845 Ave,
993 808 1079 838 certa
1104 813 1177 846 spes
1201 805 1323 842 salutis,

883 854 945 886 Per
970 863 1063 894 quam
1088 853 1159 884 luce
1185 852 1343 885 destitutis

929 901 1015 933 Vera
1038 901 1093 933 lux
1117 900 1264 933 innotuit.

848 982 855 990 .
882 960 961 1001 Ave,
986 958 1114 991 deitatis
1138 966 1223 998 arca.

882 1006 981 1045 Quam
1005 1008 1131 1039 creator
1155 1006 1339 1045 patriarcha

250 1051 414 1084 castitatis
438 1053 557 1090 lilium;

200 1099 280 1137 Ave,
307 1100 398 1140 virga
421 1110 575 1141 nusquam
601 1109 703 1144 arens,

201 1146 264 1178 Per
292 1156 384 1187 quam
408 1157 498 1180 suum
522 1148 610 1181 Deus
634 1157 750 1188 parens

930 1054 1051 1087 Clausit
1076 1057 1107 1084 et
1132 1053 1276 1093 aperuit;

882 1103 962 1142 Ave,
989 1102 1070 1134 caeli
1093 1101 1149 1132 lux
1174 1103 1207 1132 et
1230 1103 1345 1143 terrae,

882 1150 1040 1183 Summam
1064 1150 1168 1181 lucem
1195 1148 1290 1189 digna
1314 1148 1410 1191 ferre,

247 1195 370 1227 Mundo
394 1196 482 1227 misit
505 1195 614 1228 filium.
930 1198 1017 1237 Quae
1040 1200 1073 1229 te
1097 1205 1160 1228 non
1187 1197 1337 1230 deseruit.

144 1252 175 1284 3.
202 1251 283 1292 Ave,
309 1255 435 1285 mutans
459 1263 574 1286 nomen
598 1253 696 1296 Evae,
823 1255 853 1288 8.
880 1256 959 1298 Ave,
985 1255 1076 1287 navis
1100 1254 1267 1292 institoris,

200 1299 264 1331 Per
290 1308 383 1339 quam
407 1300 498 1332 nobis
522 1301 628 1341 iugum
650 1302 724 1335 leve
881 1304 1017 1336 Portans
1043 1311 1158 1335 manna
1181 1303 1360 1342 peccatoris

250 1347 368 1379 Christi
395 1348 485 1380 dedit
508 1350 645 1389 veritas;
929 1351 979 1383 Et
995 1359 1111 1390 panem
1136 1350 1322 1390 angelicum,

201 1395 284 1434 Ave,
313 1404 372 1435 per
396 1405 488 1436 quam
513 1397 569 1428 iux
594 1400 643 1428 est
668 1397 743 1429 data
880 1399 951 1430 Ave
976 1399 1058 1431 cella
1080 1398 1194 1429 summi
1218 1398 1312 1440 regis,

204 1442 267 1473 Per
292 1452 386 1483 quam
409 1443 500 1475 nobis
527 1444 692 1476 dulcorata
881 1446 969 1478 Dans
997 1446 1037 1479 de
1061 1446 1153 1478 botro
1178 1445 1303 1485 priscae
1326 1445 1406 1486 legis

247 1489 342 1531 Legis
367 1493 416 1522 est
440 1492 619 1526 austeritas.
928 1494 1049 1526 Nectar
1073 1493 1298 1533 evangelicum.

138 1547 169 1579 4.
196 1547 276 1586 Ave,
306 1546 395 1589 virga
417 1549 486 1581 veri
509 1549 600 1588 turis,
825 1552 857 1584 9.
882 1552 963 1590 Ave,
990 1554 1128 1583 castrum
1151 1551 1337 1591 Bethaniae,

199 1595 263 1627 Per
288 1605 382 1635 quam
405 1605 514 1629 sumus
538 1597 641 1629 nostri
662 1598 742 1630 iuris
883 1600 1033 1632 Marthae
1059 1600 1170 1631 domus
1196 1601 1227 1630 et
1250 1599 1385 1636 Mariae,

246 1642 307 1675 Dei
331 1644 427 1676 dante
451 1644 573 1685 gratia3
928 1647 973 1680 Ut
998 1650 1174 1680 castrorum
1198 1647 1300 1687 acies;

199 1692 277 1729 Ave,
305 1695 407 1724 mater
430 1691 609 1735 benedicta,
881 1696 962 1739 Ave,
988 1698 1091 1727 mater
1113 1697 1242 1727 nostrae
1266 1695 1346 1735 spei,

200 1738 301 1771 Partu
327 1740 413 1771 cuius
439 1743 488 1772 est
514 1741 639 1773 devicta
880 1744 943 1776 Per
968 1753 1062 1784 quam
1085 1742 1178 1774 nobis
1202 1743 1294 1775 verbi
1318 1743 1380 1775 Dei

246 1786 362 1820 Mortis
388 1789 596 1822 contumacia.
929 1792 1006 1824 Visa
1034 1799 1129 1823 carne
1153 1789 1262 1823 facies.

140 1845 171 1878 5.
197 1843 278 1885 Ave,
302 1845 409 1877 lumen
432 1844 569 1878 fundens
594 1847 722 1889 mundo,
810 1849 865 1882 10.
880 1849 962 1889 Ave,
993 1848 1108 1881 summi
1132 1848 1217 1889 regis
1241 1849 1386 1892 thronus,

197 1892 289 1931 Quod
320 1902 377 1925 nos
403 1894 502 1925 traxit
528 1894 567 1926 de
591 1894 751 1935 profundo
879 1897 917 1929 In
944 1906 1006 1937 qua
1028 1897 1116 1929 Deus
1141 1906 1262 1929 summe
1286 1897 1387 1929 bonus

244 1939 296 1971 Ex
319 1942 392 1973 lacu
416 1942 579 1983 miseriae3
928 1944 1093 1978 Incarnari
1116 1945 1235 1989 voluit3

195 1987 279 2029 Ave,
304 1997 422 2028 parens
448 1990 560 2021 summi
584 1989 672 2022 floris
881 1993 961 2037 Ave,
987 2001 1104 2033 parens
1127 1992 1195 2024 sine
1219 1993 1300 2038 pari,

197 2035 240 2067 Et
266 2038 396 2076 superni
421 2038 518 2077 plena
541 2039 624 2071 roris
879 2039 945 2073 Per
968 2051 1061 2082 quam
1086 2043 1219 2073 mortem
1248 2042 1404 2083 captivari

244 2084 406 2117 Virtutum
434 2086 591 2126 congerie.
929 2090 1028 2122 Vetus
1053 2089 1153 2122 hostis
1180 2090 1291 2122 doluit.

478 2144 534 2178 11.
560 2143 647 2185 Ergo
672 2145 773 2190 nobis,
800 2149 903 2179 mater
926 2147 989 2191 pia,

561 2191 612 2224 Sis
636 2193 668 2224 in
695 2193 786 2227 huius
811 2195 896 2227 vitae
922 2196 973 2228 via

607 2241 681 2273 Dux
708 2244 739 2273 et
764 2244 946 2288 consolatio,

560 2290 606 2324 Ut
630 2292 704 2330 post
728 2290 819 2323 huius
845 2292 931 2324 vitae
955 2295 1074 2325 statum

558 2338 732 2371 Videamus
756 2342 847 2371 tuum
869 2342 979 2372 natum

604 2388 642 2420 In
667 2387 745 2419 caeli
770 2388 903 2428 palatio.

197 2451 266 2480 Coti.
291 2452 456 2480 Londinen.
478 2453 550 2490 Reg.
572 2452 589 2480 7
607 2453 635 2480 A
655 2454 706 2482 VI.
728 2462 804 2482 saec.
826 2452 899 2484 ¹4l15.
