1651 2700
260 263 315 297 16.

259 669 313 702 17.

262 1076 316 1109 18.

262 1484 317 1517 19.

263 1891 318 1924 20.

263 2300 319 2335 21.

779 163 1011 198 —68—

340 262 457 296 Sancta
480 270 605 305 parens,

387 313 496 342 nostra
520 309 706 353 redemptio,

341 357 420 397 Spes
444 357 568 390 miseris

389 408 422 436 et
443 405 607 443 relevatio,

342 453 403 485 Per
427 455 459 483 te
482 452 573 483 nobis

387 498 444 531 fiat
465 499 619 537 remissio,

341 546 391 579 Ne
415 546 550 578 Satanae

387 594 493 625 vincat
518 591 632 624 illusio.

341 669 365 702 Ο
391 669 509 708 regina,

388 716 482 747 decus
507 713 699 751 caelestium,

339 762 528 795 Miserorum

386 818 458 849 spes
484 812 514 839 et
540 808 705 851 refugium,

341 857 365 891 O
391 856 530 889 adiutrix

385 906 417 935 te
447 903 694 944 deprecantium,

340 952 441 985 Tuum
466 960 524 984 ora

387 1008 446 1039 pro
471 999 561 1031 nobis
586 997 696 1032 filium.

343 1075 420 1108 Flos
446 1075 603 1115 candoris,

385 1122 443 1155 flos
468 1122 725 1163 pulchritudinis,

339 1170 411 1203 Non
435 1178 632 1203 marcescens

385 1227 464 1257 prae
487 1220 582 1249 vento
604 1217 751 1256 turbiniS,

339 1265 451 1298 Turris
471 1265 563 1297 nobis

386 1313 429 1344 sis
453 1312 658 1354 fortitudinis,

339 1361 371 1393 N
373 1368 390 1391 e
412 1369 594 1400 mergamur

388 1411 479 1440 antro
505 1406 694 1441 formidinis.

344 1483 403 1522 Qui
427 1484 546 1524 pugillo

386 1532 538 1564 mundum
564 1530 793 1571 complectitur,

341 1578 496 1618 Virginali

386 1629 499 1658 ventre
523 1626 733 1668 concluditur,

345 1673 370 1706 O
396 1682 489 1713 quam
513 1673 599 1706 laeta

386 1723 488 1752 mater
513 1719 660 1764 efficitur,

342 1769 373 1800 A
398 1777 459 1807 qua
482 1770 588 1800 tantus

389 1814 495 1847 infans
521 1815 707 1856 concipitur.

345 1890 442 1923 Nulla
466 1891 559 1923 stella

391 1937 523 1979 fulgoris
548 1939 673 1972 radium

345 1984 482 2018 Tantum
508 1987 583 2019 tulit

391 2042 450 2072 per
474 2033 559 2066 orbis
582 2036 728 2077 spatium,

344 2080 427 2113 Nam
451 2081 615 2114 stellarum

393 2137 561 2168 rerumque
585 2130 722 2162 omnium

345 2175 466 2208 Lumen
492 2175 628 2217 profers,

394 2232 464 2255 cum
489 2225 576 2263 paris
599 2223 709 2258 filium.

346 2298 423 2333 Cum
447 2303 480 2332 te
505 2300 585 2332 caeli

394 2348 535 2389 suscepit
558 2348 656 2391 curia,

347 2397 542 2437 Angelorum

394 2445 512 2486 gaudet
535 2444 659 2487 militia,

937 476 991 509 22.

936 886 992 918 23.

937 1295 992 1328 24.

937 1704 993 1737 25.

942 2116 999 2148 26.

1019 259 1161 298 Quantus
1186 256 1328 297 plausus,

1067 307 1185 345 quanta
1208 303 1345 345 laetitia,

1020 351 1120 384 Nulla
1144 350 1216 391 capi

1065 401 1172 440 potest
1196 397 1322 430 scintia.

1018 475 1103 515 Tibi,
1131 474 1230 516 virgo,

1065 523 1225 554 laetantur
1250 520 1367 560 omnia,

1019 569 1146 603 Gaudet
1176 570 1275 612 Deus,

1067 617 1186 659 gaudet
1211 616 1357 656 ecclesia,

1020 665 1148 698 Gaudet
1170 665 1264 697 homo

1067 712 1180 746 ductus
1205 712 1248 744 ad
1273 712 1416 753 propria,

1019 761 1084 794 Sed
1107 759 1252 794 infernus

1067 808 1134 848 agit
1157 808 1305 847 suspiria.

1018 886 1100 925 Ave,
1130 886 1232 916 mater

1066 931 1317 971 misericordiae,

1019 979 1153 1012 Pietatis

1067 1030 1099 1059 et
1123 1026 1352 1066 indulgentiae,

1019 1076 1085 1109 Ora
1106 1078 1228 1114 natum,

1066 1122 1120 1163 qui
1145 1121 1216 1154 fons
1243 1124 1291 1153 est
1315 1122 1438 1166 veniae,

1018 1170 1064 1203 Ut
1086 1179 1145 1202 nos
1172 1170 1254 1202 dono

1065 1216 1231 1250 confirmet
1254 1216 1386 1257 gratiae.

1019 1294 1125 1326 Decus
1151 1293 1249 1334 orbis,

1066 1341 1210 1374 sublimis
1235 1340 1363 1380 femina,

1017 1390 1115 1422 Placa
1140 1389 1233 1422 nobis

1065 1438 1205 1470 tonantis
1230 1438 1370 1478 numina,

1020 1485 1193 1518 Creaturae

1064 1533 1162 1565 totius
1185 1533 1323 1575 domina,

1019 1581 1106 1613 Tuae
1127 1581 1232 1621 plebis

1066 1628 1143 1661 audi
1166 1629 1362 1669 precamina.

1019 1705 1078 1737 Pia
1105 1705 1206 1747 virgo,

1066 1761 1126 1793 pro
1148 1754 1371 1794 peccatoribus

1020 1800 1066 1833 Es
1091 1800 1197 1833 locata

1066 1848 1100 1880 in
1126 1849 1207 1880 caeli
1227 1850 1370 1891 sedibus²

1021 1895 1206 1928 Recordare

1069 1944 1131 1976 hoc
1154 1947 1187 1976 te
1211 1945 1430 1988 precantibus,

1023 1990 1201 2025 Subvenire

1070 2044 1220 2081 prompta
1243 2040 1403 2076 fidelibus.

1023 2115 1245 2149 Humanarum

1071 2172 1178 2195 rerum
1204 2166 1348 2199 condicio

1026 2210 1087 2242 Est
1111 2212 1225 2244 attrita

1072 2258 1185 2298 culpae
1208 2259 1385 2307 naufragio,

1025 2305 1090 2338 Sed
1114 2308 1159 2346 tu,
1185 2310 1298 2350 mater,

1072 2356 1127 2385 tuo
1153 2354 1302 2396 suffragio

1027 2400 1243 2441 Supernorum

1075 2449 1170 2492 iunge
1195 2454 1364 2487 consortio.
