1651 2700
214 291 268 324 19.

217 786 271 818 20.

214 1270 268 1302 21.

217 1755 272 1787 22.

217 2291 273 2323 23.

731 190 966 225 ..94-

297 290 419 331 Gaude,
448 290 534 323 cuius
559 290 593 322 in
617 290 779 331 aspectum

297 339 386 371 Vivit
409 347 497 370 amor
520 338 556 369 in
581 336 752 375 defectum,

299 386 410 419 Coi-dis
435 386 498 417 mei
521 388 611 425 patet
634 384 732 423 bulla,

298 433 393 466 Cuius
416 435 518 465 scatet
538 432 601 464 iam
626 431 774 470 medulla,

343 482 368 514 Ο
395 489 479 522 cara,
502 480 584 518 veni,
611 486 759 519 propera.

298 529 389 561 Intra
412 536 515 559 meum
541 527 605 560 vile
629 528 757 567 tectum,

297 576 399 608 Tuum
419 578 523 606 tecum
548 572 597 605 fer
621 573 781 610 dilectum,

298 624 336 656 Iu
360 631 411 654 me
434 625 522 653 tuum
547 624 655 652 sterne
678 620 804 658 lectum,

299 670 378 709 Quia
401 678 504 701 meum
530 668 592 700 seis
617 667 773 706 affectum,

342 717 389 749 Te
412 717 518 757 diligo,
547 715 723 748 considera.

298 783 419 823 Gaude,
445 782 532 814 cuius
555 782 647 814 ardet
672 782 770 824 sinus,

294 831 375 864 1nde
398 831 484 862 lucet
506 830 555 861 sol
582 829 718 872 divinus,

295 879 379 910 Tuos
405 886 494 910 caros
519 877 581 909 huc
603 877 716 919 invita,

295 926 362 958 Mei
386 928 492 957 tamen
515 934 579 957 non
604 925 705 957 oblita

341 973 390 1005 Tu
414 973 507 1005 trahe
530 981 592 1014 me,
621 982 684 1005 non
710 974 820 1008 altera.

295 1020 399 1053 Dulce
420 1021 515 1052 nimis
540 1023 598 1061 est,
624 1021 709 1061 quod
726 1022 822 1064 sapit,

296 1069 334 1101 In
357 1077 417 1109 quo
442 1071 514 1100 tuus
540 1077 629 1100 amor
654 1069 749 1109 capit,

296 1116 421 1157 Lingua
445 1116 550 1148 carnis
576 1116 774 1157 obmutescit,

297 1163 424 1196 Clamor
457 1164 562 1196 cordis
589 1173 651 1196 non
678 1164 821 1208 quiescit,

345 1212 439 1243 Mens
463 1212 593 1252 languet
616 1211 796 1245 amorifera.

298 1268 409 1301 Gaude
433 1277 527 1310 nunc,
555 1269 673 1301 dilecta
695 1277 776 1309 mea,

296 1316 392 1349 Cuius
419 1316 540 1349 vadunt
562 1317 597 1348 in
623 1316 737 1349 chorea

295 1364 410 1396 Omnes
434 1364 482 1395 tui
506 1364 670 1404 speciales,

294 1411 437 1451 Speciosi
462 1412 606 1455 curiales,

341 1459 401 1498 Qui
417 1462 505 1491 tuum
524 1462 641 1492 canunt
654 1460 820 1493 canticum.

295 1506 417 1548 Gaude,
446 1507 547 1539 dulcis
573 1507 764 1549 philomena,

296 1554 390 1587 Cuius
416 1564 478 1586 vox
503 1564 611 1587 amore
634 1556 739 1596 plena,

293 1603 364 1634 Tua
384 1603 490 1635 suavis
515 1603 674 1635 cantilena

294 1649 379 1682 Laus
413 1653 593 1682 sanctorum
619 1654 668 1682 est
691 1660 823 1684 amoena

341 1696 387 1728 Et
409 1698 560 1737 gaudium
584 1699 770 1739 angelicum.

300 1753 422 1795 Gaude,
450 1755 537 1787 clara
559 1755 614 1786 lux
639 1756 763 1798 solaris,

295 1802 381 1841 Quae
404 1811 462 1833 nos
487 1803 632 1842 quaeris,
666 1806 703 1834 ut
728 1812 822 1843 quae-

597 1851 689 1891 raris,

295 1895 413 1928 Lassos
437 1897 491 1936 pie
513 1899 732 1940 praestolaris,

298 1945 494 1976 Accurentes
519 1946 713 1986 amplexaris

347 1992 581 2032 Compassionis
606 1994 749 2028 brachio.

297 2039 351 2071 Ad
374 2042 406 2071 te
428 2040 511 2072 vado
537 2042 633 2073 corde
656 2043 751 2085 laeto,

298 2086 372 2118 Tibi
395 2087 507 2126 loquor
530 2089 564 2120 in
586 2093 709 2121 secreto

298 2135 378 2172 Hoc,
405 2135 490 2173 quod
513 2139 599 2176 peto,
626 2137 703 2168 mihi
721 2138 823 2178 dabis,

298 2182 409 2213 Temet
432 2182 535 2222 ipsam
558 2193 620 2215 non
645 2185 786 2225 negabis,

345 2229 392 2263 Ut
417 2229 501 2261 dixi:
529 2239 611 2273 ecce,
638 2233 738 2264 venio.

299 2286 420 2330 Gaude,
448 2295 573 2327 semper
596 2289 661 2329 pia,
687 2290 798 2334 gaude,

298 2334 392 2368 Habe
415 2343 467 2366 me
490 2335 523 2367 in
547 2338 602 2368 tua
625 2336 731 2377 laude,

299 2383 385 2416 Mire
404 2382 516 2423 gaude,
542 2384 646 2423 gaude
667 2393 765 2427 mere,

299 2430 378 2464 Iube
401 2433 505 2462 tecum
528 2439 579 2462 me
603 2432 751 2473 gaudere,

349 2478 561 2512 Gaudentium
586 2480 730 2513 materia.

895 555 949 587 24.

893 1060 948 1093 25.

896 2055 950 2087 27.

978 284 1099 328 Gaude,
1127 282 1241 325 gaude,
1267 283 1361 316 modo
1387 283 1467 316 miro

976 334 1028 365 Tu
1051 341 1086 363 es
1108 333 1211 363 mater
1235 331 1305 363 sine
1328 332 1408 375 viro,

976 380 1023 412 Te
1048 381 1205 411 amantem
1230 379 1316 420 audi,
1340 388 1467 422 precor,

978 427 1054 460 Sine
1079 436 1174 458 causa
1197 429 1229 458 te
1253 436 1316 459 non
1342 436 1467 469 sequor,

1025 475 1049 507 O
1077 474 1179 506 dulcis
1204 475 1354 509 amicitia.

978 552 1090 585 Gaude
1114 554 1248 591 propter
1271 552 1353 583 illud
1377 552 1449 585 Ave

977 599 1074 632 Cordi
1098 608 1167 631 meo
1192 601 1257 631 tam
1281 608 1387 640 suave,

976 648 1075 680 Totus
1099 649 1207 679 manet
1229 646 1317 678 Deus
1339 649 1456 690 tecum,

976 696 1059 728 Tota
1083 703 1200 735 secum,
1226 696 1294 726 tota
1318 703 1440 726 mecum

1022 743 1067 776 Et
1090 751 1162 775 mea
1186 745 1290 774 tecum
1315 742 1430 775 anima.

977 790 1098 829 Gaude,
1127 791 1214 822 cuius
1239 798 1293 822 cor
1318 790 1468 830 oblectat,

974 838 1064 879 Quod
1089 841 1122 870 te
1138 841 1248 870 nostra
1263 846 1352 869 mens
1368 837 1505 878 affectat,

975 887 1120 919 Salutate.
1144 885 1328 927 gratularis,

973 936 1102 973 Assum,
1129 934 1220 975 dicis,
1248 934 1323 966 dum
1350 933 1482 977 vocaris,

1021 983 1046 1015 O
1072 984 1174 1014 mater
1198 981 1427 1015 amantissima.

975 1058 1097 1097 Gaude,
1124 1056 1195 1090 fons
1212 1057 1266 1097 qui
1281 1066 1346 1089 non
1363 1057 1504 1097 siccariis,

976 1107 1001 1139 O
1020 1115 1113 1146 quam
1130 1105 1246 1143 suaviS,
1268 1105 1342 1137 dum
1355 1105 1505 1146 gustaris,

976 1154 1062 1186 Tuus
1087 1153 1174 1185 rivus
1200 1161 1290 1185 amor
1313 1152 1416 1193 vivus,

975 1202 1039 1234 Per
1063 1201 1220 1233 medullas
1245 1201 1443 1241 transitivas,

1020 1249 1148 1292 Beatus,
1176 1257 1269 1289 quem
1293 1248 1445 1282 inebrias,

974 1297 1021 1329 Te
1046 1297 1100 1337 qui
1123 1296 1215 1338 bibit,
1241 1306 1306 1329 non
1332 1296 1462 1337 peribit,

976 1344 1059 1377 Nam
1084 1353 1193 1376 amare
1219 1344 1288 1384 quis
1314 1346 1347 1375 te
1371 1343 1497 1384 quibit?

974 1393 1022 1425 Te
1047 1393 1100 1433 qui
1126 1392 1202 1432 edit,
1228 1401 1290 1424 non
1316 1391 1471 1435 abscedit,

975 1440 1163 1473 Sitibundus
1188 1442 1302 1481 sponte
1326 1440 1421 1479 redit,

1021 1488 1077 1520 Me
1102 1487 1189 1520 foras
1214 1497 1278 1520 non
1303 1488 1421 1521 eiicias.

944 1583 951 1590 .
979 1555 1102 1595 Gaude,
1125 1564 1198 1587 mea
1223 1555 1312 1588 dives
1338 1563 1402 1596 era,

973 1603 1056 1636 Tota
1078 1612 1149 1636 mea
1173 1612 1247 1643 spes
1272 1612 1395 1646 revera,

975 1651 1063 1683 Audi
1087 1660 1138 1683 me
1160 1651 1195 1683 in
1219 1651 1356 1684 veritate

974 1699 1021 1731 Et
1042 1699 1076 1731 in
1100 1708 1178 1731 vera
1202 1699 1347 1740 caritate,

1023 1746 1075 1779 Da
1099 1750 1211 1788 totum,
1238 1747 1324 1787 quod
1349 1747 1505 1780 desidero.

976 1794 1083 1835 Vives,
1110 1795 1208 1835 vives,
1236 1804 1362 1836 semper
1387 1795 1487 1837 diveS,

979 1842 1075 1875 Cuius
1101 1843 1180 1875 clari
1204 1846 1279 1875 sunt
1304 1844 1462 1887 concives,

977 1891 1021 1932 Is,
1048 1891 1102 1930 qui
1129 1891 1208 1923 dicit
1231 1891 1289 1923 fibi
1317 1892 1430 1932 gaude,

977 1937 1111 1978 Semper
1135 1942 1240 1971 tecum
1264 1939 1308 1971 sit
1331 1940 1365 1971 in
1389 1940 1485 1972 laude

1023 1987 1064 2019 In
1086 1987 1260 2019 electorum
1284 1997 1427 2021 numero.

978 2053 1100 2094 Gaude,
1128 2055 1243 2087 sedens
1267 2055 1302 2087 in
1328 2056 1454 2096 decore,

977 2101 1110 2142 Semper
1134 2103 1250 2134 ardens
1275 2103 1310 2135 in
1335 2104 1477 2143 dulcore,

979 2149 1075 2182 Cuius
1099 2150 1223 2182 vultum
1248 2151 1486 2193 concupiscunt,

977 2198 1037 2238 Qui
1061 2207 1170 2230 amare
1194 2207 1322 2240 semper
1346 2200 1486 2240 gliscunt

1024 2245 1071 2277 Te
1095 2246 1196 2278 solam
1221 2249 1253 2278 et
1276 2256 1341 2279 non
1369 2248 1475 2282 aliam.

978 2292 1100 2333 Gaude,
1127 2294 1209 2326 rosis
1236 2298 1397 2335 coronata,

978 2341 1071 2373 Omni
1095 2339 1175 2374 flore
1200 2346 1388 2387 purpurata,

978 2388 1076 2421 Cuius
1100 2387 1224 2421 fulvum
1247 2391 1469 2424 indumentum

977 2435 1039 2467 Est
1064 2437 1224 2469 caelorum
1248 2442 1479 2481 ornamentum,

1025 2482 1188 2517 Decorans
1215 2485 1294 2518 caeli
1320 2486 1452 2521 curiam.
