1651 2700
152 224 208 257 17.
234 221 333 257 Vitae
359 225 400 257 de
422 227 456 256 te
479 226 638 267 promitur

278 273 377 304 Potus
403 272 575 317 sitibundo,

233 316 311 353 Sitis
338 329 378 352 ex
403 329 464 361 quo
489 322 613 354 tollitur

277 367 436 400 Universo
461 370 591 411 mundo,

230 413 402 449 Faciamus
432 416 529 457 igitur

278 463 384 503 Opere
408 465 559 504 secundo,

229 508 334 545 Recte
359 512 444 553 quod
468 514 668 552 praecipitur

275 560 412 592 Pectore
441 560 589 592 iucundo.

148 617 201 649 18.
229 613 387 649 Veritatis
416 617 575 649 tramitem

275 664 419 698 Famulis
446 666 588 702 ostende,

229 709 379 745 Caritatis
405 710 546 744 fomitem

278 759 436 792 Cordibus
461 760 609 803 accende,

228 804 276 840 Te
303 806 356 839 fac
380 810 525 839 nostrum
549 807 682 839 limitem

274 855 334 887 Rei
358 855 562 895 peragendae

227 899 427 944 Viarumque
450 903 598 935 comitem

277 952 325 984 Te
348 950 441 983 nobis
466 950 626 991 impende.

766 129 906 166 41—

835 230 892 262 19.
919 224 1015 261 Scala
1038 232 1075 260 tu
1097 230 1254 268 perpetua

964 276 1009 308 Et
1039 275 1196 308 caelorum
1222 275 1283 314 via,

916 321 1013 356 Vitae
1037 326 1150 364 patens
1174 323 1270 354 ianua

963 371 1008 403 Et
1031 371 1111 412 legis
1137 370 1261 412 sophia,

915 416 1009 460 Elige
1033 416 1195 459 melliflua,

963 468 1094 499 Precum
1121 466 1210 506 virgo
1236 465 1300 506 pia,

914 510 980 547 Nos
1005 515 1047 547 ad
1072 516 1128 544 tua
1151 521 1280 552 pascua,

961 562 1073 594 Dulcis
1098 570 1116 592 0
1141 560 1257 593 Maria.

831 620 886 652 20.
915 617 1027 652 Turris
1052 628 1070 651 ο
1095 617 1263 659 tutissima,

961 667 1045 699 Tuos
1069 666 1204 701 intuere,

912 806 952 842 In
979 809 1101 841 dierum
1126 809 1239 840 ultima

962 856 1077 889 Curam
1100 856 1202 888 nostri
1228 864 1312 896 gere,

913 901 1043 944 Saevos,
1070 912 1088 935 o
1110 902 1295 944 fortissima,

961 951 1078 983 Hostes
1103 960 1198 982 manu
1223 954 1302 984 tere.

490 1010 547 1041 21.
574 1005 645 1041 Tua
668 1008 715 1039 sic
738 1017 795 1039 nos
820 1009 930 1048 regula

620 1055 723 1096 Regat
749 1056 791 1087 ad
818 1059 988 1097 certamen,

571 1100 617 1137 Ut
640 1106 714 1142 post
740 1102 844 1135 fracta
869 1104 997 1136 vincula

622 1151 735 1183 Carnis
762 1154 794 1182 et
817 1151 977 1183 luctamen

574 1195 613 1232 In
640 1198 769 1230 sublimi
794 1200 925 1238 specula

623 1246 688 1278 Det
711 1246 803 1278 nobis
827 1248 978 1288 solamen,

575 1293 634 1333 Qui
660 1294 741 1326 vivit
764 1294 797 1325 in
823 1295 951 1326 saecula

623 1341 839 1374 Saeculorum.
889 1343 1002 1376 Amen.

216 1399 284 1427 Cod.
305 1399 434 1427 Parisin.
457 1396 564 1427 11343.
586 1406 661 1425 saec.
675 1396 720 1425 15.
739 1414 777 1417 —
798 1396 824 1431 9,
846 1397 863 1425 7
878 1399 959 1426 Deus
978 1399 1028 1426 hic
1047 1400 1088 1425 in.
1111 1413 1146 1417 —
1170 1396 1213 1432 12,
1227 1397 1244 1425 7
1258 1399 1381 1426 Innuans

141 1436 184 1470 20,
207 1437 223 1465 7
245 1438 356 1465 Saevos
378 1446 395 1465 ο
415 1437 595 1464 felicissima.
616 1450 651 1454 —
673 1436 883 1464 Acrostichon:
904 1437 977 1472 Ave,
997 1437 1102 1470 Maria,
1123 1437 1221 1472 gratia
1240 1437 1329 1472 plena
1348 1440 1393 1464 etc

539 1510 585 1541 26.
614 1510 658 1541 De
676 1510 773 1541 beata
792 1510 893 1541 Maria
912 1509 1053 1550 Virgine.

367 1570 450 1613 Ave,
479 1575 574 1612 porta
598 1571 674 1612 poli,
700 1572 767 1603 noli
793 1574 826 1603 te
851 1572 1001 1604 claudere
1025 1573 1121 1612 mota,

372 1617 459 1654 Vota
482 1620 542 1651 tibi
567 1622 659 1660 grata
684 1620 759 1651 data
784 1620 921 1660 suscipe,
950 1620 1051 1660 dirige
1075 1622 1213 1651 mentem

369 1665 487 1703 Entem
513 1668 681 1709 sinceram,
706 1676 815 1700 veram
839 1677 904 1700 non
927 1670 1049 1700 terreat
1073 1670 1153 1708 ater,

366 1712 472 1750 Mater
496 1716 659 1756 virtutum,
686 1718 820 1755 scutum,
847 1716 909 1757 via,
936 1716 1049 1748 semita
1074 1715 1171 1755 clara,

311 1767 342 1798 ιβ’(

367 1762 437 1799 Ara
461 1763 533 1804 Dei,
560 1773 618 1804 per
642 1767 675 1795 te
701 1767 787 1795 certe
810 1764 904 1796 datur
926 1764 1032 1796 hostia
1055 1763 1151 1804 vitae,

366 1810 446 1847 Rite
472 1810 601 1844 deflenti
625 1812 712 1853 genti
737 1810 802 1843 fert
826 1812 943 1852 gaudia
967 1812 1058 1854 mira,

365 1858 482 1900 Iraque
509 1863 661 1902 cessatur,
689 1860 784 1893 datur
809 1863 841 1892 et
864 1869 938 1903 pax,
966 1860 1107 1892 carmina
1131 1859 1236 1891 laudis

367 1907 483 1947 Audis,
510 1917 573 1941 non
598 1908 733 1952 spernis,
762 1908 876 1949 cernis,
903 1908 967 1950 pia,
993 1909 1066 1941 labe
1091 1910 1251 1948 gravatos,

369 1954 486 1991 Gratos
510 1957 631 1996 hosque
655 1956 735 2000 Deo,
762 1957 811 1988 leo
833 1965 874 1988 ne
898 1959 998 1999 voret,
1026 1955 1147 1996 efficis3
1174 1956 1270 1997 aegis,

287 2007 341 2041 10.
368 2002 468 2045 Regis
494 2004 596 2044 stirpe
621 2007 700 2047 sata,
728 2005 804 2037 data
827 2004 929 2045 nobis,
957 2005 1000 2036 sis
1025 2005 1079 2045 pia
1104 2002 1236 2045 fautrix,

367 2051 506 2088 Auctrix
531 2053 700 2093 mercedis,
728 2053 834 2085 caedis
859 2061 967 2093 regem
992 2053 1207 2092 tenebrarum,

366 2100 494 2137 Clarum
521 2110 576 2133 vas
600 2099 715 2141 mellis,
743 2099 828 2133 fellis
853 2101 922 2132 sine
948 2101 1081 2133 crimine
1103 2110 1196 2142 pura,

363 2147 442 2185 Iura
466 2148 556 2181 foves
580 2149 685 2191 plene,
712 2149 784 2182 lene
809 2149 895 2181 luces
919 2148 1041 2190 frangis
1068 2151 1100 2181 et
1123 2149 1243 2188 hastaS,

362 2196 462 2233 Astas
487 2197 637 2238 turbatis,
663 2197 756 2229 statis
782 2196 876 2230 offers
902 2200 934 2229 te
959 2197 1029 2230 fore
1053 2199 1198 2238 matrem,

282 2249 336 2282 15,
363 2244 495 2283 Patrem
520 2246 623 2278 redde
647 2246 744 2289 pium,
773 2246 859 2278 dium
883 2255 942 2286 per
967 2246 1096 2279 saecula
1119 2254 1245 2285 numen,

364 2293 486 2330 Lumen
511 2295 709 2335 adopt-atum,
741 2297 864 2335 gratum
894 2295 960 2334 das,
988 2295 1074 2335 quod
1098 2293 1160 2326 tibi
1185 2302 1280 2325 saeva

363 2341 436 2379 Eva
460 2343 536 2375 tulit
559 2345 689 2384 temere,
716 2351 792 2376 vere
816 2343 937 2384 reddis,
964 2343 1121 2383 trabeata,

363 2390 448 2428 Nata
471 2391 578 2425 David
605 2391 700 2434 regis,
725 2391 804 2432 legis
829 2392 896 2432 lux,
921 2392 1029 2424 thema
1053 2398 1162 2430 suave,

364 2439 447 2484 Ave,
474 2443 545 2474 tuos
567 2449 646 2482 rape
670 2443 705 2473 tu
726 2438 814 2483 fletu,
843 2449 928 2485 rege,
954 2440 1043 2481 virgo
1069 2438 1216 2479 benigna,
