1651 2700
145 220 200 253 23.

146 432 200 465 24.

147 645 202 676 25.

147 855 202 886 26.

147 1064 200 1096 27.

150 1647 180 1681 1.

645 124 903 161 -111—

225 219 307 261 Heu,
334 220 413 253 mihi
437 221 499 255 nisi
524 222 611 255 Deus

226 269 357 302 Reddat
380 269 482 310 illum,
508 274 601 311 pater
625 279 724 314 meus,

225 317 268 349 Et
290 317 415 350 Mariae
439 319 662 359 Magdalenae,

225 365 423 398 Delictorum
447 366 523 398 labe
547 368 670 409 plenae,

227 432 327 465 Omne
353 432 472 464 crimen
498 434 699 475 condonavit,

229 481 362 519 Quando
387 480 486 519 pedes
513 481 578 513 eius
603 481 693 521 lavit,

231 528 314 567 Quas
340 531 466 559 rorarat
488 529 671 560 intimarum

229 576 286 608 Pio
312 584 386 608 rore
410 576 624 608 lacrimarum.

229 643 324 675 Nunc
340 643 494 683 tergebat,
521 651 605 676 nunc
621 643 755 685 rigabat,

228 691 360 723 Veniam
386 691 432 722 sic
457 690 649 731 postulabat,

230 738 307 771 Cum
333 738 391 770 sub
416 747 526 770 mensa
549 738 711 778 pharisaei

228 786 421 827 Degustaret
445 786 545 818 verba
569 785 640 819 Dei.

229 853 294 885 Ubi
318 853 406 885 Deus
430 852 590 893 phariseo,

229 900 422 932 Pharisaeus
448 900 574 939 quidem
602 899 678 943 Deo,

229 948 316 980 Deus
342 950 445 980 autem
472 950 508 978 ut
532 947 696 988 benignus,

228 996 420 1028 Pharisaeus
445 998 480 1026 ut
504 996 672 1036 malignus,

227 1063 277 1095 De
302 1062 457 1095 submissa
481 1062 663 1102 peccatrice

230 1109 464 1143 Concertabant
488 1119 580 1142 versa
605 1110 684 1144 vice.

230 1158 369 1191 Nostrae
393 1161 482 1190 actor
507 1158 668 1198 bonitatis,

230 1206 338 1239 Radix
362 1208 471 1237 tantae
496 1205 649 1248 caritatis,

829 224 882 257 28.
910 222 976 255 Sibi
1004 221 1140 255 clemens
1163 219 1360 261 indulgebat,

909 271 986 304 Cum
1011 278 1160 311 peccasse
1184 268 1376 310 paenitebat.

906 319 958 351 Ad
975 319 1035 351 hoc
1053 326 1137 358 ergo,
1155 327 1223 358 rex,
1243 317 1433 356 exemplum,

907 366 1038 399 Pietatis
1064 364 1135 397 fons
1161 368 1193 397 et
1217 364 1379 406 templum,

875 458 880 465 .
909 434 1006 473 Quem
1031 432 1140 473 adoro,
1173 440 1264 472 quem
1288 431 1435 472 imploro,

908 482 1000 514 Omni
1024 481 1119 512 laude
1142 489 1234 520 quem
1259 479 1389 519 honoro,

909 529 964 561 Uui
984 537 1102 569 pronus
1127 526 1313 568 genuflecto,

909 576 966 609 Cui
991 578 1091 608 totum
1116 584 1167 607 me
1192 574 1360 607 committo.

877 670 884 676 .
910 643 991 675 Dele
1014 651 1114 675 meam
1139 643 1328 682 pravitatem

910 691 973 723 Per
997 694 1172 723 maternam
1198 691 1349 730 pietatem

909 739 1016 778 Atque
1041 738 1125 770 ultra
1149 738 1351 778 publicanum

908 786 1121 826 ingementem
1150 785 1354 818 christianum

830 854 836 864 ¹
877 879 883 885 .
911 853 962 884 Ab
988 853 1096 885 hostili
1121 853 1261 885 laesione

911 900 957 932 Et
981 910 1000 932 a
1025 901 1136 932 mortis
1162 901 1298 944 regione,

911 948 970 987 Qui
996 948 1142 988 peccanti
1166 948 1326 980 misereris

908 995 1063 1028 Liberare
1086 1004 1137 1026 me
1164 996 1313 1037 digneris.

876 1087 883 1095 .
909 1062 1067 1094 Miserere
1090 1062 1162 1102 mei,
1188 1062 1286 1100 Deus,

910 1110 973 1142 Tot
1005 1109 1159 1141 malorum
1184 1110 1238 1150 qui
1262 1118 1330 1140 sum
1353 1118 1424 1141 reus·

910 1157 1038 1190 Adonai
1062 1157 1135 1189 Iesu
1161 1158 1298 1197 Christe,

910 1206 964 1238 Ad
989 1209 1021 1238 te
1047 1205 1164 1237 clamat
1187 1206 1284 1238 miser
1307 1205 1387 1242 iste;

571 1273 626 1307 Aa
649 1276 683 1305 te
707 1275 822 1306 elamat
844 1274 941 1305 timor
963 1282 1063 1315 meuS,

573 1322 729 1356 Miserere
753 1321 825 1362 mei,
851 1321 948 1355 Deus

214 1408 286 1436 Olm.
307 1407 460 1434 Monacen.
486 1405 529 1434 '‘ol.
542 1404 692 1442 Tegurin.)
713 1404 817 1434 19824.
839 1414 914 1434 saec.
937 1405 980 1434 15.
995 1407 1031 1434 Α.
1048 1420 1083 1424 --
1100 1406 1178 1434 Crat.
1193 1415 1246 1433 ms.
1260 1405 1439 1441 Tegurinum

135 1453 214 1475 saec.
238 1444 281 1473 15.
303 1445 377 1473 Cim.
399 1445 552 1473 Monacen.
573 1442 680 1472 20001.
700 1445 734 1472 B.

576 1565 622 1596 76.
652 1565 696 1597 De
715 1566 810 1597 beata
830 1565 929 1597 Maria
949 1565 985 1597 V.

208 1646 403 1687 Imperatrix
427 1647 620 1687 angelorum,

206 1695 330 1736 Regina
355 1694 629 1736 archangelorum,

208 1743 315 1775 Mater
340 1742 424 1783 regis
450 1743 658 1782 saeculorum,

255 1791 359 1832 Salve,
384 1790 474 1831 virgo
501 1791 668 1832 virginum.

174 1883 182 1890 .
208 1859 288 1898 Ave,
315 1858 401 1890 salus
425 1861 639 1898 peecatorum,

211 1905 413 1938 Consolatrix
437 1906 634 1946 miserorum,

213 1953 316 1995 Salve,
343 1961 416 1993 spes
443 1953 666 1994 desolatorum,

259 2002 297 2034 In
322 2004 354 2033 te
380 2000 616 2034 confidentium.

177 2095 184 2102 .
212 2070 236 2103 O
263 2069 373 2110 regina
396 2068 563 2108 mirabilis,

212 2117 358 2151 Clemens
385 2118 418 2148 et
441 2116 622 2157 ineffabilis,

209 2165 318 2198 Mater
341 2165 404 2198 Dei
429 2168 462 2197 et
483 2165 631 2204 hominiS,

259 2214 323 2247 Ora
346 2222 405 2254 pro
430 2213 522 2246 nobis
547 2212 657 2246 filium.

211 2281 237 2314 O
263 2280 370 2313 Maria
391 2281 574 2326 laudabilis,

210 2329 419 2362 Sanctissima
444 2332 476 2361 et
500 2329 638 2370 humilis,

209 2378 368 2411 Succurre
391 2378 483 2410 nobis
506 2377 633 2410 miseris

256 2427 310 2460 Ad
335 2429 464 2460 nostrae
488 2428 599 2460 mortis
625 2427 752 2459 exitum.

831 1647 863 1679 5.
888 1646 969 1687 Ave,
994 1645 1057 1678 Dei
1082 1645 1229 1687 gloriosa,

887 1694 994 1726 Mater
1015 1692 1077 1726 Dei
1101 1693 1253 1734 pretiosa,

891 1741 993 1775 Stella
1017 1741 1114 1774 maris
1138 1742 1296 1773 luminosa

938 1790 1028 1823 Sicut
1051 1789 1127 1821 solis
1150 1790 1286 1822 radium.

858 1882 864 1889 .
892 1858 917 1890 Ο
943 1857 1081 1898 benigna
1105 1856 1255 1897 gratiosa,

890 1905 1031 1938 Multum
1055 1905 1145 1944 virgo
1171 1903 1325 1947 speciosa,

891 1954 930 1987 In
955 1954 1016 1986 hac
1039 1952 1124 1985 valle
1147 1952 1326 1994 lacrimosa,

938 2001 990 2034 Da
1014 2000 1106 2034 nobis
1132 2001 1296 2033 auxilium.

858 2095 865 2102 .
891 2071 972 2110 Ave,
1000 2077 1055 2102 vas
1081 2068 1265 2109 munditiae,

890 2119 977 2152 Fons
1002 2116 1252 2161 misericordiae,

892 2168 1009 2200 Portus
1033 2165 1253 2205 indulgentiae

939 2215 1002 2248 Via
1025 2213 1252 2253 navigantium.

857 2308 864 2315 .
892 2283 916 2316 O
942 2283 1052 2323 puella
1075 2282 1252 2324 virginalis.

892 2330 1017 2372 Sponsa
1041 2330 1103 2363 Dei
1128 2328 1290 2371 specialis,

892 2379 966 2411 Non
993 2378 1052 2412 fuit
1077 2380 1111 2411 in
1136 2378 1255 2411 mundo
1278 2376 1353 2407 talis

941 2429 1030 2461 Inter
1055 2427 1169 2459 choros
1195 2423 1363 2466 virginum.
