1651 2700
188 276 244 308 29.

189 596 243 628 30.

191 961 245 994 31.

192 1273 247 1306 32.

192 1584 248 1616 33.

194 1894 248 1925 34.

193 2206 248 2238 35.

695 168 947 204 -172—

268 274 317 306 Tu
340 273 450 313 regina
475 280 507 302 es
534 270 703 309 caelorum,

268 320 385 364 DecuS,
401 320 511 359 honor,
522 325 594 357 spes
604 318 795 356 sanctorum,

317 368 509 407 Angelorum
537 364 673 402 domina,

269 415 354 456 Agni
378 422 503 454 sponsa,
529 414 630 442 mater
654 409 725 447 Dei,

271 462 379 496 Omnis
401 462 470 493 laus
497 459 633 491 debetur
658 456 686 487 ei

318 511 379 542 Per
403 509 481 539 haec
507 506 608 538 multa
631 503 768 535 nomina.

270 593 422 632 Quodque
434 592 528 631 plura
539 592 613 621 sunt
622 596 713 627 quam
725 594 797 617 cen-

570 640 647 673 tum,

269 687 347 718 Vult
369 688 536 723 utrumque
559 682 782 714 testamentum

317 732 390 765 Pari
415 730 651 769 concordantia,

269 780 333 812 Sed
358 779 423 810 sint
443 786 550 810 omnes
576 777 626 809 his
649 775 766 808 intenti

268 827 312 859 Et
337 826 378 859 ad
402 833 554 867 praesens
579 824 645 857 sint
661 822 798 855 contenti

315 874 488 907 Brevitatis
513 873 627 912 gratia.

270 959 362 991 Fecit
387 966 460 998 crgo
487 958 548 989 duo
573 957 670 996 Deus,

269 1006 314 1039 Ut
337 1006 478 1038 salvetur
502 1005 595 1036 homo
620 1012 704 1047 reus,

318 1054 404 1093 Quae
427 1053 519 1092 ponit
542 1051 728 1090 versiculuS,

269 1101 374 1133 David
400 1100 486 1132 intra
509 1100 630 1139 scripta
655 1108 712 1129 sua

269 1148 321 1180 Ita
345 1147 471 1180 dicens:
496 1148 586 1187 virga
609 1149 662 1177 tua

316 1197 422 1234 Atque
447 1198 519 1226 tuus
546 1193 675 1225 baculus

273 1271 350 1310 ipsa
374 1278 424 1300 me
447 1272 519 1301 sunt
546 1268 719 1308 consolata,

271 1319 334 1350 Per
358 1317 436 1349 haec
462 1317 523 1349 duo
550 1319 598 1348 est
621 1314 730 1347 ablata

318 1365 426 1397 Omnis
453 1363 650 1404 desperati03

273 1412 355 1444 Nam
380 1420 438 1451 per
465 1420 588 1442 crucem
614 1413 646 1441 et
663 1410 799 1442 Mariam

273 1461 371 1492 Istam
398 1459 531 1500 dulcem,
557 1459 646 1490 illam
670 1458 754 1498 piam

318 1507 421 1539 Datur
445 1506 606 1540 liberatio,

276 1582 358 1613 Nam
383 1582 415 1612 in
442 1589 536 1612 cruce
559 1581 689 1621 gloriari

273 1629 340 1660 Nos
365 1630 493 1667 oportet
515 1630 549 1658 et
571 1627 699 1670 salvari,

321 1676 384 1708 Ubi
409 1679 458 1707 est
481 1675 668 1716 redemptio,

274 1723 325 1755 Ibi
348 1721 457 1761 habes,
482 1721 568 1753 unde
592 1722 710 1763 plores,

281 1770 330 1802 lbi
355 1768 467 1808 forma,
491 1777 550 1808 per
574 1778 668 1809 quam
692 1777 781 1801 rores

323 1817 360 1848 In
386 1818 496 1848 mortis
521 1816 687 1857 supplicio.

274 1892 346 1923 Hoc
371 1895 417 1923 est
438 1892 555 1932 lignum
579 1891 652 1924 hinc
667 1893 804 1925 educens

274 1939 318 1971 Et
342 1939 384 1971 ad
410 1940 530 1971 caelum
555 1940 760 1972 introducens

320 1987 369 2018 De
393 1986 503 2018 mundi
528 1987 657 2028 diluvio,

274 2032 358 2066 Hinc
383 2042 528 2065 recurras
552 2035 594 2066 ad
618 2034 755 2066 Mariam

275 2080 405 2111 Duleem
432 2081 531 2121 illam,
559 2081 682 2113 dulcem
708 2082 790 2115 viam

321 2127 371 2159 De
395 2128 491 2159 maris
516 2128 691 2167 naufragio.

274 2202 381 2242 Ipsam
404 2202 457 2233 isti
482 2202 697 2246 interpellant,

276 2250 468 2282 Peccatores
492 2249 576 2281 hanc
600 2251 763 2289 appellant

322 2298 451 2330 Timore
474 2297 624 2336 iustitiae,

278 2346 351 2385 Ipsa
376 2345 467 2376 audit
491 2344 690 2383 appellantes

276 2393 321 2425 Et
344 2391 489 2425 defendit
513 2390 715 2424 convolantes

326 2441 379 2473 Ad
407 2439 546 2472 tribunal
571 2438 701 2479 gratiae.

867 265 922 298 36.

869 595 925 626 37.

874 917 928 948 38.

871 1238 926 1270 39.

871 1561 927 1593 40.

873 1881 929 1916 41.

872 2204 929 2237 42.

950 262 1051 295 Curre
1076 269 1150 300 ergo
1176 261 1218 294 ad
1243 260 1327 291 hanc
1352 257 1465 290 ducem

949 310 1003 342 Ad
1028 308 1166 341 Mariam
1192 310 1224 339 et
1249 307 1290 338 ad
1317 314 1453 343 crucem,

997 354 1177 395 Utrobique
1202 354 1333 392 sanitas,

949 403 1014 436 Hic
1037 403 1206 443 quaerenti
1228 400 1373 433 invenire

950 450 995 483 Et
1018 450 1160 491 pulsanti
1186 449 1312 488 aperire

997 497 1111 537 Datur,
1138 496 1294 537 quidquid
1319 493 1455 535 flagitas.

952 592 1053 625 Nemo
1078 594 1188 632 posset
1213 590 1386 630 explicare,

950 641 1051 680 Quam
1075 639 1118 670 sit
1141 647 1258 671 novum
1283 637 1424 669 salutare

999 687 1107 718 Mater
1132 685 1261 728 Christi,
1288 685 1408 725 Maria,

952 734 1034 767 Nam
1057 734 1092 766 in
1118 734 1202 765 omni
1228 731 1295 764 fato
1321 731 1405 764 tristi

951 782 1105 815 invocata
1128 784 1232 812 matre
1257 779 1379 812 Christi

1003 828 1151 861 Curritur
1174 836 1235 869 per
1259 827 1371 861 maria.

955 915 1062 954 Ipsam
1088 921 1163 953 ergo
1189 911 1347 949 venerari,

953 963 1061 1002 Ipsam
1089 960 1181 992 decet
1205 958 1383 999 amplexari

1001 1009 1116 1047 Corde,
1141 1017 1208 1048 ore,
1234 1016 1341 1048 opere,

954 1057 1030 1096 Ipsa
1056 1054 1118 1088 sibi
1143 1054 1334 1087 famulantes

955 1104 999 1137 Et
1023 1102 1169 1135 adflictos
1196 1103 1430 1134 conclamantes

1002 1151 1109 1191 Videt,
1136 1151 1227 1183 audit
1249 1158 1398 1191 propere.

955 1235 979 1269 Ο
1006 1237 1033 1267 si
1058 1236 1164 1268 Adam
1185 1235 1362 1268 invenisset

953 1282 998 1315 Et
1022 1288 1097 1323 post
1121 1284 1248 1323 culpam
1274 1280 1468 1323 confugisset

1000 1330 1065 1363 Sub
1092 1331 1194 1363 crucis
1219 1331 1348 1370 auxilio,

952 1379 977 1412 O
1001 1379 1030 1410 si
1053 1379 1125 1411 Eva
1146 1378 1229 1410 illud
1253 1380 1324 1411 Ave

958 1426 1178 1468 Repperisset,
1204 1434 1264 1466 per
1285 1425 1370 1466 quod
1395 1435 1415 1457 a
1430 1433 1489 1457 vae

1000 1474 1103 1506 Facta
1127 1479 1177 1505 est
1200 1473 1347 1506 salvatio.

955 1559 988 1591 Si
1014 1558 1165 1590 vertisset
1187 1567 1277 1591 suum
1302 1566 1427 1602 nomen,

951 1605 1127 1639 Habuisset
1146 1606 1264 1639 bonum
1289 1614 1381 1638 omen

1001 1653 1147 1685 Nominis
1173 1654 1348 1693 conversio,

953 1702 1043 1740 Quod
1068 1700 1184 1733 fuisset
1207 1702 1379 1734 emundata

954 1748 1000 1781 Et
1023 1757 1081 1788 per
1107 1750 1179 1781 Ave
1202 1753 1355 1788 reparata

1000 1796 1147 1828 Hominis
1172 1797 1396 1837 transgressio.

957 1881 1036 1915 Cain
1060 1882 1116 1914 ine
1143 1882 1330 1923 desperatus

956 1929 1029 1961 Non
1055 1928 1168 1962 fuisset
1192 1930 1378 1962 vulneratus

1004 1976 1069 2009 Sub
1094 1978 1153 2009 tali
1178 1977 1324 2017 latibulo,

958 2026 1058 2058 Immo
1083 2025 1180 2057 Iudas
1206 2025 1372 2069 liberatus,

957 2072 992 2105 Si
1016 2073 1137 2105 adisset
1161 2074 1249 2113 pium
1272 2073 1357 2106 latus

1003 2119 1069 2152 Sub
1096 2121 1199 2153 erucis
1222 2121 1423 2156 umbraculo.

954 2206 1050 2237 quta
1074 2214 1199 2238 crucem
1227 2202 1305 2249 [stat
1328 2204 1460 2251 Maria]‚

956 2251 1007 2285 Ibi
1033 2253 1165 2292 Rachel,
1192 2253 1239 2285 ibi
1262 2253 1335 2298 Lia,

1004 2300 1053 2331 lbi
1075 2301 1143 2334 vita
1167 2301 1303 2342 gemina,

958 2346 1068 2379 Crucis
1093 2348 1186 2380 labor
1212 2352 1263 2381 est
1286 2349 1404 2391 activa,

957 2394 1021 2426 Sed
1047 2395 1078 2426 in
1105 2404 1163 2434 spe
1189 2397 1440 2437 contemplativa

1003 2440 1158 2474 Dulciora
1182 2444 1336 2482 germina.
