1651 2700
740 159 1000 195 -194—

296 256 377 285 Orat.
406 265 461 285 ms.
487 257 597 285 Montis
627 256 656 284 S.
686 255 805 291 Georgii
834 254 905 282 anni
933 252 1015 282 1464.
1061 252 1131 282 Cod.
1153 253 1409 290 Guelfenbyteran.
1431 251 1524 282 1514..

217 293 429 322 Helmstadien.
456 293 539 323 1391.
558 295 593 323 A.
617 309 656 313 —
680 294 759 321 Orat.
781 300 835 320 ms.
859 293 974 320 Domus
995 292 1101 320 Novae
1118 291 1209 319 Lucis
1236 294 1308 320 anni
1329 290 1412 320 1477.
1453 291 1525 320 Cod.

217 332 401 360 Ultraiectin.
422 333 541 369 Scriptt.
560 332 640 359 Eccl.
661 329 725 360 375.
745 331 780 358 B.
799 344 838 348 —-
864 328 888 365 1,
911 328 929 356 2
949 331 1017 366 post
1035 329 1193 363 saeculum,
1213 330 1249 357 A.
1269 344 1308 348 —-
1331 329 1356 363 1,
1376 329 1397 358 4
1416 331 1525 358 Pecca-

215 370 328 398 toribus
349 371 452 404 patula
476 371 509 398 B.
530 383 566 389 —
587 368 613 403 2,
637 368 651 397 1
672 371 705 395 tu
723 369 797 396 fehlt
813 367 849 395 A.
870 383 909 388 ——
928 366 954 403 2,
975 366 994 395 2
1017 367 1109 404 Virgo
1129 367 1235 395 florens
1257 369 1287 394 et
1305 368 1412 396 fertilis
1431 369 1466 396 Β.
1487 381 1525 387 -

216 404 243 440 3,
265 405 280 434 1
304 407 380 442 Quid
402 417 456 436 nos
469 409 502 435 B.
517 424 528 428 -
552 424 554 426 -
570 404 596 441 3,
611 405 629 434 2
642 407 779 441 dignatus
794 407 839 433 est
853 406 889 433 A.
902 420 941 424 —
953 403 980 440 3,
994 404 1012 434 3
1027 406 1099 441 quia
1110 413 1157 433 me
1174 406 1266 433 moles
1280 405 1314 432 A.
1328 420 1368 425 -
1379 403 1407 440 3,
1422 404 1441 434 3
1453 406 1527 434 facit

216 446 249 474 B.
270 460 307 465 -—
327 444 354 479 4,
376 444 395 472 2
413 445 538 482 postulo.
559 461 596 466 —
615 443 642 478 4,
664 441 681 472 3
701 444 866 479 piissimum
884 443 918 472 B.
937 458 976 462 -
995 442 1023 477 4,
1037 441 1057 470 4
1075 444 1158 471 Tuae
1170 444 1291 479 pietatis
1304 443 1340 472 A.
1353 458 1393 462 -—
1406 442 1432 479 5,
1447 440 1466 473 3
1480 452 1524 480 sq.

215 483 376 520 Interpella
400 493 452 519 pro
478 492 524 511 me
543 483 702 511 Dominum
721 482 756 509 A.
776 496 815 501 -—
834 480 860 515 5,
881 480 902 509 4
919 482 1046 510 Unicum
1064 484 1147 509 tuum
1170 481 1264 510 filium
1283 481 1317 509 A.
1338 496 1377 502 ν-
1397 481 1424 518 6,
1447 480 1461 510 1
1483 482 1527 510 Ut

216 521 289 549 mihi
309 523 350 549 sit
368 522 518 549 remissius
538 522 570 549 B.
591 534 629 538 —
648 518 674 554 6,
694 517 713 546 2
736 520 813 554 Quia
831 522 862 547 te
881 519 920 554 Α,
942 519 1026 553 Quod
1046 521 1076 547 te
1094 521 1127 548 B.
1149 533 1187 538 —
1208 518 1233 554 6,
1248 517 1266 547 3
1286 520 1333 548 vis
1353 529 1413 547 11011
1432 520 1524 556 diligo

215 558 250 586 B.
272 573 309 578 —
330 556 355 593 9,
370 557 390 586 4
401 559 609 594 Virginitatem
628 557 764 593 confugio
784 558 818 585 Β.
838 572 875 576 -
896 556 922 590 7,
940 555 955 584 1
970 557 1083 585 Taliter
1096 566 1161 586 sum
1181 558 1348 586 immundus
1361 558 1397 585 A.
1411 573 1449 577 -—
1462 555 1489 594 8,
1506 556 1524 587 3

218 596 291 623 Cum
312 598 420 624 statuet
438 596 471 624 B.
492 610 529 614 —
549 594 575 629 9,
598 594 613 622 1
635 604 651 623 o
671 594 745 623 fehlt
762 595 802 630 A;
822 596 880 623 Dei
899 595 973 623 fehlt
988 596 1021 623 B.
1041 609 1080 613 —
1100 595 1126 631 9,
1148 593 1166 623 2
1187 605 1218 624 es
1238 595 1364 640 feliltA;
1386 596 1524 624 Omnium

216 631 581 737 εᾞῑῖοῖᾞζῑ-,Ξὲ
594 634 655 737 {a
668 632 810 699 Ξᾞέὲΐζξ
828 630 1095 707 1Ρ1-Α1ῐ4131ἒ
1106 634 1221 700 ζῑ-ῑξὲἓῑ
1232 633 1526 707 ²2²?{}·N-0.13111{

215 710 292 737 enim
310 711 345 737 Β,
365 724 401 728 -
474 728 481 735 .
557 709 590 736 in
641 719 648 736 :

666 766 716 794 Me
736 766 847 793 cunctis
868 766 942 794 locis
962 768 1091 803 protege,

665 803 702 832 111
720 805 800 831 viam
819 806 901 840 pacis
920 804 1024 842 dirige,

664 842 787 869 Manum
805 845 953 870 sacratam
970 843 1089 880 porrige

665 879 729 908 Nec
746 889 806 908 non
826 880 978 909 labantem
999 882 1087 917 erige.

214 933 256 968 16,
278 933 296 962 2
314 935 356 963 Et
375 937 573 964 confessorum
592 939 722 965 omnium
740 937 774 965 B.
797 950 833 955 —
859 935 902 972 16,
922 934 941 964 3
961 946 1005 973 sq.
1024 935 1121 965 fehlen
1136 937 1171 965 A.
1187 952 1226 956 —
1241 936 1285 972 17,
1304 936 1374 966 1Et
1386 939 1522 976 impende

213 972 397 1001 clementiam
414 974 450 1001 B.
469 988 508 993 —
528 973 572 1009 17,
598 972 616 1001 2
636 975 746 1003 Christi
765 983 868 1003 vocem
886 975 920 1003 B.
943 990 981 994 —
1003 973 1046 1010 17,
1066 973 1087 1003 4
1105 975 1179 1004 fehlt
1196 976 1237 1013 B3
1258 976 1343 1005 dafi‘ir
1363 977 1523 1006 schliessen

215 1011 278 1039 sich
297 1014 330 1039 in
349 1012 374 1039 B
393 1011 469 1040 noch
489 1012 625 1048 folgende
647 1012 748 1041 Zeilen
767 1021 821 1041 an:

666 1069 752 1105 Audi,
773 1069 890 1098 Christe
909 1071 1052 1105 piissime,

665 1108 763 1136 Patris
782 1109 944 1146 matrisque
963 1109 1058 1142 um'ce,

665 1145 743 1174 Audi
762 1148 885 1174 matrem
905 1147 1079 1181 piissimam,

667 1183 764 1217 Quam
782 1185 827 1212 sic
844 1184 942 1212 fecisti
959 1185 1102 1213 inolitam.

666 1240 776 1268 Adiuro
797 1243 834 1277 te,
855 1250 908 1269 rex
926 1243 1062 1275 omnium,

667 1278 739 1307 Cum
758 1278 905 1308 iudicabis
926 1279 1084 1313 saeculum,

665 1316 711 1344 Ne
730 1325 777 1344 me
797 1325 863 1345 cum
881 1317 1049 1346 infelicibus

667 1353 814 1383 Gehenm's
834 1356 933 1384 tradas
953 1356 1081 1392 ignibus.

666 1411 750 1445 Vale,
769 1412 934 1449 redemptor
955 1413 1093 1449 omnium,

669 1448 812 1478 Generale
831 1450 1001 1485 dominium,

668 1487 750 1521 Vale,
773 1489 861 1516 beata
880 1489 997 1517 trinitas

667 1525 711 1553 Et
728 1526 879 1562 triplicata
898 1528 1005 1562 unitas,

668 1563 743 1591 Vale
762 1572 815 1599 per
836 1573 921 1592 omne
942 1565 1092 1594 saeculum

667 1600 708 1629 Et
727 1601 792 1629 dele
810 1610 939 1631 massam
959 1604 1110 1633 scelerum.

642 1728 705 1760 144.
734 1729 778 1761 De
797 1729 893 1762 beata
912 1731 1013 1763 Maria.
1033 1732 1069 1763 V.

231 1804 262 1839 1.
289 1804 394 1846 Salve,
420 1807 518 1846 salve,
546 1807 749 1849 dominatrix,
913 1812 945 1845 4.
972 1811 1120 1846 Gloriosa
1142 1814 1299 1847 matutina

288 1852 315 1885 O
339 1852 487 1885 caelestis
511 1854 711 1897 imperatrix,
1018 1859 1120 1893 Stella
1143 1863 1179 1894 ‘cu
1203 1861 1353 1908 formosa,

287 1899 312 1932 Ο
337 1903 530 1933 maestorum
557 1903 761 1945 consolatrix,
970 1907 1179 1941 Peccatorum
1205 1910 1366 1945 medicina

285 1946 364 1979 Esto
389 1948 490 1981 nostri
511 1950 702 1984 miseratrix.
1017 1955 1103 1988 Mire
1127 1955 1302 2002 fructuosa,

968 2003 1084 2035 Mundi
1108 2004 1260 2046 princeps
1287 2010 1319 2039 et
1343 2008 1464 2051 regina,

231 2051 264 2083 2.
290 2050 369 2083 Orta
392 2052 510 2084 mundo
534 2054 631 2086 maris
657 2055 760 2098 stella,
1017 2049 1139 2095 Gfflldss,
1166 2053 1315 2093 gIOPiOSa-

290 2096 388 2129 Verbi
412 2098 474 2131 Dei
497 2109 588 2133 sacra
613 2103 702 2145 cella,
914 2107 946 2140 5.
973 2106 1135 2151 Speciosa,
1161 2110 1362 2156 admiranda,

289 2144 401 2178 Hostis
425 2146 512 2186 pelle
535 2156 632 2181 saeva
656 2150 741 2183 bella
1015 2155 1178 2189 Redolens
1203 2161 1240 2191 ut
1263 2169 1346 2194 rosa.

289 2192 357 2225 Nos
381 2194 501 2226 tuendo
526 2204 545 2227 a
566 2198 720 2235 procella.
970 2203 1070 2244 Virgo
1095 2214 1222 2245 semper
1246 2196 1440 2252 veneranda,

378 2287 385 2294 ·
1015 2250 1124 2284 Mater
1147 2261 1311 2297 generosa,

234 2290 266 2322 3.
292 2287 444 2328 Speclosa
465 2290 651 2331 margarita,
968 2297 1019 2330 Tu
1042 2307 1063 2330 a
1085 2299 1178 2332 nobis
1202 2301 1384 2337 invocanda

287 2337 494 2369 Peccator-um
518 2345 591 2377 spes
618 2341 650 2370 et
674 2339 749 2383 vita,
1019 2344 1152 2380 Gemma
1175 2348 1343 2391 luminosa,

288 2383 363 2417 Sola
391 2386 426 2416 tu
451 2392 484 2417 es
508 2385 658 2419 redimita
971 2393 1075 2434 Super
1099 2403 1207 2428 omnes
1233 2400 1464 2443 praedicanda,

288 2430 335 2465 Et
357 2440 437 2473 prae
463 2432 583 2465 cunctis
610 2434 775 2474 exquisita.
1019 2440 1102 2475 Tota
1126 2444 1282 2482 speciosa.
