1651 2700
269 260 311 291 20

264 496 319 528 25.

261 731 315 763 30.

259 967 313 998 35.

255 1203 311 1236 40.

252 1441 306 1472 45.

254 1914 307 1946 55.

255 2151 308 2183 60.

256 2390 297 2422 65

316 285 323 291 .
349 256 455 299 Digna
479 257 541 289 Dei
565 258 680 295 nutrix,
707 257 807 289 tutrix
833 256 919 289 orbis
943 256 1003 288 tibi
1026 264 1150 296 nomen,

351 303 449 339 Omen
473 306 506 336 in
531 306 620 343 aede,
646 305 761 336 bonum
786 304 910 345 donum⁷
938 304 995 335 dos
1019 304 1111 343 larga
1134 302 1298 334 modestis.

349 349 478 386 Maestis
503 353 670 391 succurris,
696 354 794 382 turris
818 352 945 383 salvans
970 351 1054 382 bona
1079 352 1202 390 cuncta,

348 397 461 434 Iuncta
485 399 554 431 Deo
580 400 708 439 gaudeS,
734 398 846 430 laudes
870 398 991 429 tribuat
1014 398 1074 429 tibi
1097 399 1166 429 tota

346 444 430 480 Nota
455 447 566 479 cohors
593 446 686 485 cleri;
714 445 791 476 mihi
816 445 942 477 redoles
967 445 1058 485 quasi
1082 447 1216 485 myrtus,

344 491 458 527 Virtus
483 502 516 525 es
540 503 673 531 morum,
697 490 811 523 florum
834 491 905 531 flos,
928 493 1018 532 regia
1043 493 1134 532 cella,

345 539 455 580 Stella,
481 540 595 580 Maria,
618 539 724 579 mariS,
750 540 837 578 paris
862 540 956 580 hunc,
987 541 1040 579 qui
1066 543 1098 572 te
1123 539 1183 571 tibi
1207 539 1294 582 fecit,

346 586 392 622 Te
420 588 481 620 scit
504 588 543 618 ab
570 591 697 618 aeterno
721 595 819 618 verno
846 588 885 619 de
910 587 1020 627 stipite
1044 588 1132 619 Iesse

344 632 426 668 Esse
450 643 552 665 rosam
578 642 701 673 puram,
729 642 835 665 curam
861 642 935 675 gere
958 636 1094 667 termino
1120 633 1229 672 faecis,

343 680 452 715 Caecis
477 684 565 712 recta
588 681 648 723 via,
676 680 731 720 pia
754 682 882 720 mundo,
908 691 1030 722 nosque
1053 683 1204 723 guberna,

342 726 453 761 Verna
474 728 551 770 poli,
578 728 649 770 soli,
674 731 784 767 portat
810 729 894 769 quod
918 730 1021 761 trinus
1048 734 1080 762 et
1102 740 1194 771 unus,

340 773 471 816 Munu53
498 784 557 806 ave
580 783 676 807 suave
700 776 787 807 misit
810 777 870 809 tibi
896 777 992 818 digna
1014 779 1132 819 puella,

343 821 435 856 Bella
458 825 579 854 remota
603 822 693 863 faoiS,
721 824 809 863 pacis
833 827 868 856 tu
893 823 1025 857 foedera
1046 829 1203 866 praestas,

339 868 433 904 Estas
457 870 519 901 iam
545 868 649 914 flores,
675 868 770 902 flores
794 875 830 903 ut
852 881 1023 912 murraque
1047 875 1178 913 Tempe,

338 914 460 957 Nempe
484 918 566 956 veni,
592 918 657 950 leni
682 919 839 958 zephyrus
866 917 960 964 [cum]
985 919 1113 953 flamine
1138 925 1260 962 ventus,

341 962 400 1004 En,
427 968 487 1007 tus,
514 964 652 998 formosa
679 975 761 1007 rosa,
788 976 879 999 sacra
904 968 988 1010 veni,
1013 969 1206 1009 veneranda,

337 1010 454 1046 Danda
477 1012 537 1044 tibi
563 1013 645 1045 dona
669 1013 754 1045 bona
777 1015 903 1055 suscipe
927 1016 1023 1060 mille,
1048 1016 1237 1057 propinqua,

336 1057 374 1093 In
398 1069 460 1100 qua
484 1056 619 1104 [turtur]
645 1061 712 1093 avis
738 1062 843 1095 suavis
868 1071 978 1095 vocem
1002 1064 1058 1095 dat
1084 1067 1202 1108 aperte,

339 1105 431 1141 Certe
455 1117 580 1149 sponsa,
607 1117 707 1148 soror,
732 1118 848 1152 moror,
874 1111 964 1151 assis,
991 1120 1094 1152 surge,
1122 1112 1276 1153 columba,

337 1153 462 1189 Tumba
484 1154 606 1187 referta
629 1156 722 1196 rosis,
748 1157 835 1189 dosis
860 1167 904 1200 es,
930 1159 1051 1199 regina,
1076 1159 1260 1200 monarcha,

336 1200 425 1236 Arca
448 1211 549 1234 novae
572 1203 662 1245 legis,
692 1205 773 1244 tegis
796 1205 882 1238 intus
906 1215 1022 1238 manna
1046 1207 1169 1247 salutis,

337 1248 387 1283 Tu
411 1251 452 1282 tis
477 1259 533 1281 nos
561 1251 658 1290 ducis,
684 1251 764 1283 lucis
791 1254 913 1294 civitas,
940 1254 982 1285 ad
1006 1263 1147 1288 amoena.

336 1294 429 1330 Vena
453 1295 578 1329 fluentis
600 1307 701 1339 aquae
727 1300 777 1340 da,
804 1310 885 1341 quae
909 1304 983 1332 sunt
1008 1303 1134 1342 gaudia,
1161 1302 1257 1343 tristi,

334 1342 397 1379 Isti
417 1345 534 1386 gaudia
558 1344 617 1387 fer,
637 1345 729 1379 vafer
752 1349 882 1380 resistat
902 1351 939 1379 ut
962 1349 1057 1383 hosti.

333 1389 438 1432 Nosti,
464 1396 556 1432 grata
577 1393 658 1435 Deo,
683 1392 755 1435 fleo,
781 1396 842 1427 sim
867 1396 935 1428 sine
959 1400 1093 1437 perpete
1116 1394 1204 1437 fietu,

334 1437 387 1473 Me
409 1443 445 1471 tu
469 1440 582 1481 solare,
612 1450 701 1474 mare
722 1443 826 1485 placa,
852 1444 948 1476 noxia
971 1445 1100 1488 munda,

335 1485 492 1528 Undaque
515 1497 566 1519 me
589 1490 707 1529 volvat,
733 1491 838 1522 solvat
863 1495 916 1523 tua
940 1493 1043 1532 gratia
1066 1494 1170 1535 mites,

333 1532 421 1568 Lites
447 1536 660 1579 complanans,
687 1546 802 1570 sanans
829 1539 886 1571 das
910 1540 1027 1579 pocula
1051 1541 1145 1573 vitae.

334 1579 363 1621 I,
388 1585 421 1613 te
446 1591 579 1622 sponsus
605 1587 699 1623 amat,
726 1586 852 1627 clamat,
879 1588 1068 1631 conscende,
1096 1596 1245 1629 capescas

336 1625 437 1662 Escas
462 1633 651 1672 sanctorum,
679 1641 811 1671 quorum
834 1634 939 1666 medio
965 1635 1148 1668 dominaris.

303 1702 310 1708 .
336 1674 434 1710 Raris
460 1678 612 1710 caelestes
634 1683 739 1711 vestes
764 1682 862 1713 variis
888 1690 966 1721 cape
989 1683 1098 1723 signis,

333 1720 421 1764 Ignis
446 1733 534 1756 amor
560 1726 629 1758 dius
653 1726 724 1767 pius
749 1736 788 1760 ex
812 1732 844 1760 te
868 1730 963 1770 lucet,
991 1732 1138 1774 amanda,

334 1768 460 1804 Blanda
483 1775 558 1803 sunt
578 1774 728 1814 alloquia,
755 1777 828 1816 quia
851 1777 969 1809 lumine
993 1779 1074 1811 lucis
1097 1779 1223 1812 amicta.

332 1815 430 1851 Victa
451 1823 555 1851 morte
577 1824 633 1853 tua
655 1831 714 1853 sua
736 1832 836 1864 regna
856 1825 917 1856 tibi
943 1825 999 1857 dat
1021 1827 1056 1858 in
1080 1835 1204 1868 aevum,

335 1863 470 1899 Saevum
495 1868 548 1906 qui
567 1870 686 1908 pressit
708 1872 868 1912 gessitque
893 1881 1017 1905 crucem
1042 1874 1104 1907 sibi
1129 1879 1228 1916 tergo.

334 1911 420 1954 Ergo
442 1913 505 1946 fine
529 1915 598 1948 sine
620 1917 701 1958 tegit
725 1922 757 1949 et
780 1920 862 1960 regit
886 1921 991 1953 omnia
1014 1925 1104 1956 nutu.

336 1959 421 1994 Tutu
447 1962 547 1994 dulcis
569 1964 615 1995 ita
636 1966 697 1997 sita
720 1965 866 2005 praefers
891 1968 990 2001 ubera
1014 1970 1099 2011 vino,

335 2005 417 2042 Bino
444 2017 513 2040 cum
538 2009 645 2044 fructu
668 2012 756 2045 luctu
781 2023 836 2046 cor
862 2016 965 2057 dirige
988 2021 1154 2052 maestum.

334 2053 448 2089 Estum
473 2060 508 2088 tu
532 2059 649 2102 releva,
673 2060 756 2102 leva,
785 2063 958 2103 dextraque
985 2066 1048 2106 det,
1078 2067 1170 2098 decet
1193 2067 1254 2099 hoc
1279 2071 1321 2109 te,

336 2100 438 2136 Nocte
463 2104 514 2135 die
539 2108 628 2145 sequi
651 2110 685 2139 te
709 2109 763 2148 qui
787 2111 866 2152 vult,
891 2113 1030 2153 prodiga
1051 2123 1127 2146 vera

334 2147 402 2183 Era
427 2151 486 2183 sibi
511 2154 637 2194 pandis,
663 2156 790 2188 scandis
816 2159 907 2198 quasi
931 2160 1055 2201 virgula
1080 2161 1169 2203 fumi,

336 2195 433 2232 Dumi
456 2201 489 2230 te
512 2200 634 2240 signum
661 2201 789 2242 dignum
815 2206 959 2247 designat
982 2209 1129 2248 opimam.

333 2242 435 2279 Imam
458 2249 491 2277 te
515 2248 608 2288 rexit,
632 2250 720 2281 vexit
744 2260 840 2291 super
863 2254 994 2287 aethera
1014 2257 1115 2298 issue,

338 2290 454 2327 Caesus
481 2294 676 2335 verberibus,
703 2297 792 2330 cibus
816 2301 988 2343 angelicus,
1014 2304 1147 2344 speciali

337 2338 411 2375 Tali
435 2350 492 2374 nos
517 2351 635 2387 recrea,
663 2344 722 2377 dea
747 2347 837 2388 caeli,
862 2352 1001 2391 nectare,
1026 2352 1113 2384 mitis

302 2416 310 2424 .
336 2387 434 2431 Vitis,
456 2399 513 2421 nos
537 2394 622 2434 pota,
648 2395 724 2424 nota
748 2394 847 2438 virga,
875 2406 968 2437 quam
992 2399 1068 2431 tulit
1091 2401 1211 2442 Aaron,

337 2434 440 2472 Saron
464 2440 499 2469 tu
526 2438 621 2471 decor
647 2449 691 2483 es,
715 2450 819 2474 mores
843 2446 968 2477 nostros
993 2455 1078 2490 rege,
1103 2448 1188 2480 iacta
