1651 2700
675 135 933 171 ⁶104-

176 235 232 269 10.
259 235 325 276 Ego
352 243 425 266 vero
451 243 518 265 sum
544 233 682 273 pollutus
852 231 905 263 13.
934 228 992 268 Qui
1017 229 1066 259 tot
1089 236 1201 268 passus
1226 228 1275 258 est
1299 226 1425 258 dolores

306 282 447 314 Peccatis
471 280 644 313 innumeris
980 275 1045 306 Pro
1069 274 1205 307 humano
1229 282 1353 315 genere,

261 332 368 370 Atque
392 328 497 361 adhuc
520 327 678 360 involutus
932 321 1018 355 Mori
1041 331 1104 354 non
1128 322 1198 354 vult
1220 323 1416 362 peccatores,

305 376 421 410 Pannis
447 375 540 408 Adae
563 373 689 417 veteris,
982 369 1046 402 Sed
1071 378 1239 402 conversos
1264 370 1384 410 vivere,

259 425 322 458 Sed
347 432 476 456 servare
501 422 641 462 quamvis
667 430 738 453 sero
936 417 1056 459 Quibus
1082 417 1205 449 dulcem
1228 416 1390 456 potionem

307 472 502 504 Redeuntem
526 469 655 512 poteris,
982 464 1045 497 Suo
1070 463 1156 497 fudit
1178 465 1289 504 latere,

258 519 302 551 Et
326 518 505 551 immundus
529 518 591 549 iam
612 525 674 548 non
694 524 758 555 ero,
933 514 999 546 Per
1024 521 1117 552 quam
1141 511 1266 552 possint
1287 511 1461 543 laesionem

305 566 340 598 Si
363 574 422 607 pro
445 573 496 596 me
519 563 690 603 rogaveris.
982 560 1155 600 Culparum
1181 559 1327 593 evadere.

180 661 234 695 11.
260 661 367 693 Patris
392 668 446 692 ora
470 658 677 697 maiestatem,
855 656 910 690 14.
937 654 991 687 Ad
1012 657 1045 686 te
1069 663 1143 695 ergo
1169 652 1341 695 fugientem

311 707 391 740 Iube
413 706 586 747 unigenito,
985 702 1140 744 Admitte,
1164 702 1318 743 piissima,

259 754 374 788 Matris
397 754 488 786 illum
514 753 701 794 dignitatem
938 750 988 783 Ne
1012 750 1153 790 repellas
1180 750 1394 789 paenitentem

305 802 429 834 Audire
453 810 515 833 non
542 800 663 842 dubito,
984 799 1016 830 A
1041 797 1274 838 misericordia,

261 849 325 881 Sed
349 858 401 881 me
424 849 526 889 ipsum
552 848 625 880 dum
644 847 785 888 attendo,
938 844 1071 887 Munda,
1081 854 1207 886 quaeso,
1217 854 1318 877 meam
1329 846 1466 876 mentem

310 896 426 936 Quisve
450 897 519 938 sim,
546 896 695 936 recogito,
988 892 1039 925 Ab
1065 893 1150 925 omni
1175 892 1339 932 spurcitia,

261 945 367 977 Meam
393 953 463 976 esse
489 942 692 983 deprehendo
941 942 1021 973 Iuva
1044 949 1170 980 semper
1195 942 1412 972 recurrentem

312 992 414 1023 Vitam
440 991 509 1024 sine
533 992 654 1025 merito„
987 987 1041 1020 Ad
1065 991 1119 1020 tua
1144 986 1303 1027 suffragia.

183 1089 236 1120 12.
264 1087 327 1119 Sed
354 1087 407 1126 qui
431 1085 518 1118 tradi
541 1094 576 1117 se
594 1084 740 1125 permisit
858 1085 913 1118 15.
938 1084 1008 1116 Fac
1039 1091 1090 1115 me
1116 1085 1236 1114 castum
1262 1086 1295 1115 et
1320 1082 1468 1115 devotum

309 1135 339 1165 A
364 1142 420 1167 suo
447 1132 613 1173 discipulo,
988 1130 1025 1163 In
1052 1134 1107 1162 tuo
1132 1129 1274 1170 servitio,

264 1181 363 1221 Quem
387 1181 495 1221 iniqua
519 1180 612 1220 plebs
636 1179 737 1211 irrisit
941 1178 1012 1210 Tua
1036 1178 1141 1210 carnis
1165 1178 1199 1210 in
1223 1186 1275 1210 me
1297 1180 1419 1211 motum

308 1227 461 1261 Adfixum
484 1228 639 1268 patibulo,
988 1225 1182 1266 Exstinguat
1204 1226 1319 1265 oratio,

263 1276 327 1308 Hic
350 1277 504 1308 latronem
528 1285 591 1308 non
618 1274 765 1315 despexit
944 1273 1043 1305 Nulla
1066 1282 1171 1305 meum
1194 1273 1367 1306 inhumane.

313 1324 351 1356 In
375 1323 487 1355 mortis
510 1323 656 1365 articulo,
993 1320 1055 1353 Cor
1079 1320 1184 1353 vincat
1210 1320 1389 1361 temptatio,

266 1371 327 1403 Sed
354 1371 396 1403 ad
415 1371 534 1403 caelum
551 1373 627 1402 tunc
644 1370 791 1410 provexit
945 1368 1009 1400 Sed
1035 1368 1165 1401 resistat
1187 1377 1307 1411 pravae
1331 1376 1409 1401 sana

312 1418 362 1451 De
387 1418 491 1451 carnis
517 1418 686 1459 ergastulo.
994 1416 1160 1457 Voluptati
1185 1417 1278 1451 rati0.

527 1503 581 1536 16.
607 1502 694 1535 lllud
721 1501 799 1534 mihi
824 1499 1028 1542 frequentare

654 1550 759 1590 Digne
785 1549 826 1581 da
849 1549 1045 1590 mysterium,

606 1598 670 1630 Per
694 1597 779 1637 quod
802 1596 920 1628 mundo
946 1597 1085 1628 salutare

656 1644 808 1677 Provenit
831 1643 1014 1686 remedium,

609 1691 655 1725 Ut
679 1691 798 1724 inferni
821 1691 966 1724 devitare

655 1739 778 1773 Possim
802 1738 1011 1772 infortunium

610 1787 655 1820 Et
678 1789 751 1828 post
774 1789 904 1820 mortem
931 1786 1076 1819 habitare

656 1835 694 1867 In
719 1838 807 1867 terra
830 1834 1013 1868 viventium.

256 1923 325 1951 Cod.
352 1923 471 1950 Trecen.
497 1919 547 1957 (01.
573 1919 779 1955 Claravallen.)
808 1918 890 1948 1612.
920 1928 996 1947 saec.
1020 1919 1062 1948 15.
1090 1935 1126 1940 -—
1164 1919 1187 1955 1,
1212 1919 1226 1948 1
1248 1929 1291 1957 sq.
1316 1921 1383 1949 sind
1404 1922 1482 1949 heim

180 1961 291 1989 Biuden
320 1960 371 1988 der
389 1961 443 1988 Hs.
469 1960 540 1988 halb
564 1959 827 1997 weggeschnjttem
852 1958 903 1986 der
921 1959 996 1986 Text
1016 1959 1057 1987 ist
1074 1959 1159 1987 nicht
1175 1959 1233 1987 mit
1251 1960 1347 1988 voller
1366 1959 1482 1988 Sicher-

182 2000 245 2028 heit
263 1999 470 2027 testzustellen.
492 2013 528 2017 —
549 1996 576 2032 2,
591 1996 607 2025 7
627 2001 687 2025 tua.
709 2011 745 2016 —-
766 1996 793 2032 2,
806 1994 824 2024 8
838 1997 940 2025 Docet,
961 2012 999 2017 —
1019 1994 1046 2032 3,
1061 1995 1078 2024 6
1096 1997 1200 2031 Quam.
1222 2014 1260 2018 —
1283 1996 1327 2032 15,
1340 1996 1358 2026 3
1375 2001 1481 2026 motus.

628 2145 668 2178 71.
698 2146 741 2178 De
760 2146 856 2179 beata
874 2147 976 2179 Maria
994 2146 1030 2177 V.

199 2224 228 2256 ].
256 2219 377 2260 Gaude,
402 2218 492 2257 virgo
517 2227 535 2249 0
559 2216 677 2256 Maria,
873 2219 906 2253 2.
934 2217 1056 2258 Grande,
1081 2221 1185 2250 mater
1209 2218 1411 2258 prophetata,

256 2267 378 2310 Gaude,
403 2267 505 2297 mater
530 2263 652 2297 Christi
674 2265 738 2305 pia,
932 2266 1056 2306 Gaude,
1083 2265 1173 2305 virgo
1197 2266 1346 2308 salutata,

256 2315 378 2357 Gaude,
402 2312 545 2354 paradisi
569 2312 632 2355 via,
934 2313 1056 2355 Gaude,
1082 2315 1194 2345 sancta
1216 2315 1337 2346 mundo
1360 2317 1445 2357 nata,

303 2363 425 2405 Gaude,
477 2385 780 2397 ......
980 2360 1103 2400 Gaude,
1128 2360 1367 2396 iucundissima.
