1651 2700
673 136 907 172 „77-

181 234 213 266 6.
239 232 277 273 O,
298 231 396 273 piatis
421 231 495 266 fove
519 233 619 273 gratis

286 280 382 321 Legis
408 283 439 313 et
464 282 641 322 aporimate

239 329 289 361 Ac
313 328 450 361 obscura
474 330 580 362 cordis
604 331 684 363 dura

287 376 479 409 Madescens
505 378 677 419 epitimate,

240 423 316 464 Spei
341 424 430 465 satis,
456 425 600 457 caritatis

286 471 337 503 Ac
366 471 441 504 fidei
469 473 600 505 colliriis

240 519 325 551 Tuos
351 528 465 552 vernas
489 520 543 551 hic
565 520 722 561 gubernas

285 567 331 599 Et
359 577 379 599 a
404 566 494 600 falsis
517 568 674 608 suspiriis,

181 644 198 676 7
205 668 212 676 .
239 643 264 676 Ο
272 646 495 686 mencastrum,
504 643 556 676 fac
562 645 770 684 emplastrum

287 691 426 723 Nostrae
442 692 557 724 mentis
573 692 768 732 vulneribus,

238 740 323 772 Cura
344 749 504 779 spasmum
522 742 554 771 et
569 740 769 772 thenasmum

285 786 397 818 Noxae
419 788 482 820 tuis
506 787 700 828 muneribus,

238 834 306 866 Nos
338 837 525 875 praeservet
550 837 582 866 et
603 837 769 867 conservet

284 881 460 914 Clementia
484 882 525 914 tis
550 883 657 923 nimia,

234 929 284 961 Ne
309 930 454 962 succidat
479 933 510 961 et
536 930 668 962 collidat

283 977 350 1009 Nos
381 978 465 1009 celer
491 978 653 1018 epidimia.

178 1056 211 1088 8.
239 1054 316 1087 Sion
340 1056 425 1095 nata,
452 1055 549 1097 salve,
575 1057 675 1098 grata,

285 1101 481 1143 Confectum,
511 1102 765 1144 philanthropos,

235 1150 313 1182 Post
336 1152 370 1181 te
394 1153 488 1190 gyrat
512 1153 544 1182 et
568 1150 709 1190 suspirat

286 1196 422 1230 Gemens
441 1200 473 1229 et
488 1196 567 1230 flens
580 1198 764 1241 anthropos,

238 1245 285 1277 Te
309 1246 445 1279 honorat
468 1248 499 1277 et
521 1246 673 1286 implorat

285 1292 544 1326 Christicolarum
568 1294 655 1326 natio

238 1341 283 1373 Et
307 1344 427 1381 exorat,
452 1344 489 1373 ut
512 1342 561 1373 his
587 1345 675 1374 rorat

285 1388 374 1422 Caeli
402 1390 503 1421 dulcis
528 1390 659 1430 potatio.

178 1466 209 1499 9.
235 1465 310 1497 Tibi
333 1466 436 1509 iunge,
465 1475 542 1506 quos
568 1469 600 1498 et
623 1475 706 1507 unge

285 1513 364 1546 Cum
389 1514 458 1546 oleo
484 1523 623 1557 rosaceo,

236 1561 319 1601 Quos
341 1561 394 1593 hic
411 1570 525 1602 munge
541 1565 573 1594 et
590 1570 765 1603 compunge

282 1609 320 1641 In
343 1609 437 1641 huius
459 1611 545 1642 vitae
565 1610 680 1650 spatio,

237 1657 286 1689 Ut
306 1666 479 1698 purgemur
504 1660 535 1690 et
560 1667 706 1690 curemur

283 1705 334 1738 Ab
361 1706 446 1737 omni
470 1708 562 1746 peste
587 1706 738 1747 criminis,

234 1754 325 1794 Quod
348 1762 498 1786 vocemur
522 1758 555 1786 et
576 1755 718 1786 locemur

281 1802 320 1834 In
345 1810 419 1834 arce
445 1802 523 1834 caeli
548 1802 687 1834 luminis.

152 1878 206 1912 10.
233 1877 310 1910 Cum
336 1878 466 1918 clysteri
490 1882 524 1911 tu
549 1880 654 1912 severi

283 1925 396 1958 Cordis
422 1935 524 1967 purga
547 1927 750 1968 serpiginem.

236 1973 304 2006 Esu
327 1974 394 2005 1313
419 1974 488 2006 dosi
511 1978 604 2016 grata

286 2021 408 2054 Sanans
432 2023 547 2054 mentis
564 2024 761 2065 vertiginem,

234 2069 283 2102 Tu
308 2070 452 2113 guttosis,
479 2071 646 2103 calculosis

280 2117 423 2150 membra
438 2119 603 2151 madescas
620 2120 762 2162 horrida,

234 2166 284 2198 Ne
309 2166 473 2199 brancosis
498 2168 679 2200 tremulosis

280 2213 380 2248 Gutta
403 2218 549 2248 notescat
572 2217 707 2251 torrida.

148 2292 202 2326 11.
230 2292 314 2325 Nam
340 2295 467 2333 egentes
494 2296 525 2326 et
552 2294 703 2335 degentes

277 2341 407 2374 Peccati
430 2351 488 2374 nos
516 2342 638 2375 disuria

232 2389 336 2422 Nimis
360 2393 453 2431 urget
476 2393 572 2432 atque
594 2393 703 2432 turget

276 2438 385 2473 Omnis
409 2439 484 2472 boni
507 2440 651 2480 xemiria‚

843 455 897 488 12.

840 865 895 898 13.

838 1276 893 1309 14.

838 1689 892 1723 15.

832 2104 885 2137 16.

921 234 1062 268 Linitivo
1087 235 1222 275 quodam
1249 235 1323 268 divo

969 282 1072 317 Aufer
1095 292 1219 315 omnem
1243 283 1437 323 lentiginem,

922 331 1040 363 Mentis
1065 330 1175 371 nigrae
1199 333 1294 371 atque
1318 331 1430 371 pigrae

971 379 1041 411 Poli
1066 381 1210 410 cunctam
1230 378 1419 418 rubiginem.

924 456 955 488 A
979 455 1135 488 morbillis
1160 457 1192 486 et
1216 454 1363 486 scintillis

970 503 1062 535 Muni
1085 511 1142 534 nos
1167 501 1362 542 herisipilae,

924 550 1031 583 Cladis
1056 550 1148 583 101115
1172 552 1266 590 atque
1290 549 1400 583 mortis

970 598 1020 630 Ne
1043 607 1101 631 nos
1126 600 1255 638 captent
1272 597 1447 637 decipulae,

923 646 972 678 Tu
997 650 1157 686 staporem
1183 648 1215 677 et
1237 648 1407 677 tremorem

969 693 1072 726 Aufer
1097 703 1116 725 a
1139 693 1331 733 podagricis,

924 741 1086 781 Operandi
1112 750 1235 781 quoque
1259 741 1357 774 dandi

971 789 1043 822 Vim
1070 788 1180 821 confer
1205 788 1400 830 chiragricis.

921 865 989 897 Mel
1013 868 1164 905 rosatum,
1192 866 1393 906 degustatum

971 913 1064 946 Circa
1090 913 1239 945 dilectum
1263 911 1369 952 filium,

921 961 1093 1002 Impertire
1120 961 1211 992 nobis
1236 960 1325 1003 mire,

967 1009 1084 1048 Mater,
1109 1010 1184 1047 post
1207 1008 1268 1040 hoc
1292 1007 1448 1048 exsilium,

920 1055 966 1088 Ut
988 1058 1116 1088 utamur
1141 1058 1173 1087 et
1196 1054 1339 1087 fruamur

966 1104 1126 1136 Zuccarae
1147 1101 1277 1143 fiolatio,

919 1151 1017 1184 Panis
1042 1152 1127 1185 vitae
1152 1151 1220 1182 sine
1241 1151 1300 1182 lite

967 1200 1007 1232 In
1032 1198 1161 1232 caelesti
1185 1198 1316 1239 palatio.

920 1276 944 1309 Ο
970 1276 1086 1318 Maria,
1113 1275 1202 1315 virgo
1227 1276 1291 1318 pia,

967 1324 1059 1356 Tolle
1083 1332 1169 1355 meas
1195 1324 1332 1365 aporias,

918 1373 956 1406 In
982 1373 1043 1404 hac
1066 1371 1119 1404 via
1145 1371 1260 1403 dextra
1285 1371 1339 1403 dia

966 1420 1030 1452 Mis
1045 1419 1150 1452 cordis
1163 1428 1302 1459 purgans
1316 1420 1446 1458 scorias,

918 1468 1095 1509 Impolitae,
1121 1470 1263 1499 maestae
1286 1467 1372 1499 vitae

963 1516 1054 1556 Quod
1079 1517 1153 1555 post
1177 1515 1270 1546 huius
1295 1515 1434 1547 stadium

919 1564 1054 1597 Cernam
1077 1563 1187 1595 statim
1212 1563 1362 1595 oculatim

968 1611 1233 1652 Sceptritenentis
1258 1611 1395 1644 radium.

917 1689 1025 1722 Mater
1048 1688 1151 1729 lustri,
1177 1697 1227 1720 me
1250 1688 1413 1729 perlustri,

966 1737 1045 1770 Cum
1069 1736 1228 1769 medicina
1251 1737 1342 1779 satia,

918 1785 969 1818 Ne
992 1784 1129 1825 palustri
1154 1793 1210 1816 seu
1235 1784 1403 1826 amplustri

965 1833 1063 1866 Satan
1091 1841 1186 1874 regar
1210 1831 1348 1877 fallacia,

917 1882 956 1914 In
984 1890 1036 1913 me
1059 1884 1182 1913 tument
1207 1883 1239 1912 et
1264 1884 1449 1913 consument

963 1929 1070 1962 Vitam
1099 1929 1331 1968 acrocordines,

918 1977 968 2009 Ne
983 1986 1034 2009 me
1051 1977 1187 2010 caedant
1199 1979 1293 2017 atque
1305 1977 1447 2017 laedant,

966 2023 1166 2066 Christifera,
1192 2025 1239 2057 sic
1263 2025 1401 2058 ordines.

911 2103 995 2136 Nam
1018 2113 1069 2136 me
1094 2102 1214 2135 festant
1238 2111 1276 2135 ac
1292 2102 1447 2135 infestant

962 2151 1115 2185 Morbosa
1141 2150 1274 2195 flagitia,

912 2200 1447 2240 Quaenonlavant,sedmegravant

964 2249 1028 2282 Per
1051 2249 1152 2281 multa
1175 2247 1348 2288 supplicia;

910 2295 1090 2330 Informare
1114 2305 1166 2328 me
1191 2296 1323 2336 dignare

962 2346 1002 2379 In
1025 2346 1178 2379 virtutum
1202 2342 1318 2384 topicis

910 2394 954 2426 Et
979 2402 1091 2427 curare
1114 2401 1165 2424 me
1189 2392 1315 2424 salvare

961 2443 993 2475 A
1016 2441 1160 2484 pestibus
1185 2439 1382 2481 hydropicis,
