1651 2700
645 119 880 153 -55-

124 213 155 247 3.
182 211 273 244 Haec
293 214 341 244 est
356 213 476 246 nardus
497 214 576 247 dans
595 214 735 256 odorem,
808 217 840 249 6.
865 213 1045 254 Voluptatis
1068 214 1237 254 paradisus

183 259 280 293 Cuius
305 261 386 293 odor
410 262 602 295 salvatorem
864 261 1067 302 Libanusque
1091 272 1153 295 non
1178 262 1296 295 incisus

231 308 346 341 Traxit
370 310 412 341 ad
434 310 575 349 humilia,
914 309 1046 350 Spirans
1070 308 1234 349 beneficia,

183 355 269 388 Fons
291 356 443 399 signatus,
470 360 595 390 clausus
612 358 735 400 hortus,
868 358 988 390 Cedrus
1013 355 1126 397 fugans
1152 360 1307 389 venenata

181 403 233 435 Ex
259 413 320 445 quo
350 404 496 437 Glm'stus
522 409 571 437 est
597 408 724 438 exortus
867 406 1109 439 Haereticorum
1134 405 1283 445 dogmata

232 452 384 492 Corporis
409 454 602 493 praesentia.
917 453 1031 485 Odoris
1057 451 1243 493 fragrantia.

124 520 154 551 4.
180 518 257 551 Flos
284 520 386 559 campi
413 522 508 560 atque
532 520 644 561 lilium,
812 521 842 552 7.
868 520 1034 552 Balsamus
1060 522 1091 551 et
1116 520 1356 561 cinnamomum,

185 565 353 607 singulare
378 568 568 600 convallium
869 568 920 600 Ex
946 571 978 599 te
1002 567 1064 599 sibi
1089 566 1166 599 fecit
1190 567 1314 599 domum

234 615 327 646 Vitae
354 616 595 656 praeminentia,
915 614 1002 646 Deus
1028 624 1138 647 ereans
1162 616 1275 655 omnia,

184 662 376 695 Humilitate
397 663 493 703 viola,
870 663 920 694 Tu
946 663 1057 694 civitas
1081 662 1198 702 refugii

183 710 299 743 Mundi
324 711 489 743 continens
515 710 632 743 frivola
870 710 949 750 Spes
975 711 1071 742 totius
1093 711 1237 753 remedii,

231 758 368 790 Virtutis
395 757 582 790 constantia.
917 757 965 789 Tu
995 758 1075 790 caeli
1098 761 1193 798 porta
1215 759 1279 798 pia.

125 827 156 859 5,
184 824 233 856 Tu
256 827 379 857 murtus
403 825 625 865 temperantia,
812 826 843 857 8.
870 824 993 866 Turris,
1021 833 1101 865 quae
1121 825 1231 864 nequit
1254 824 1333 856 deici

183 872 232 904 Tu
255 881 328 905 rosa
352 873 518 913 patientia,
869 873 899 904 A
925 870 1009 903 faeie
1030 872 1160 910 inimici,

233 921 326 953 Oliva
352 921 528 964 clementia,
917 918 1053 962 Diceris,
1085 929 1103 951 o
1126 919 1252 963 Maria3

183 967 269 1000 Fons
294 968 458 1001 hortorum
484 971 517 1000 et
539 970 653 1009 puteus
870 967 973 1010 Nunc,
1000 968 1089 1007 virgo
1113 967 1315 1006 venerabilis,

183 1017 296 1056 Aquae
320 1016 424 1057 vivae,
447 1025 513 1048 non
537 1016 652 1058 luteus,
870 1015 934 1047 Per
958 1018 991 1047 te
1016 1018 1058 1046 slt
1083 1014 1273 1046 excusabilis

231 1063 352 1096 Fluens
377 1064 583 1098 abundantia.
919 1061 1039 1094 Nostra
1062 1062 1229 1095 iniustitia.

468 1131 499 1164 9.
526 1130 577 1163 Ne
600 1140 658 1163 nos
682 1138 742 1170 pro
766 1131 875 1161 nostro
900 1128 977 1161 vitio

527 1177 725 1218 Deputemur
749 1177 916 1218 supplicio,

575 1226 634 1267 Tu,
661 1225 724 1266 pia,
750 1233 807 1258 nos
832 1224 935 1256 libera

624 1273 736 1306 Hostis
761 1283 782 1306 a
805 1271 956 1312 nequitia,

527 1321 575 1356 Ut
601 1321 726 1362 gaudiis
751 1323 855 1353 tecum
881 1319 954 1363 frui,

527 1368 595 1402 Nos
621 1378 819 1410 quaesumus,
845 1367 930 1400 servi
954 1366 1011 1405 tui,

578 1413 709 1460 [Tecum
731 1425 828 1457 super
852 1411 993 1458 aethera]

625 1465 781 1505 Queamus
806 1464 839 1495 in
864 1462 976 1504 gloria.

189 1540 269 1568 Orat.
300 1549 354 1568 ms.
380 1542 493 1569 Domus
519 1541 622 1569 Novae
647 1541 737 1568 Lucis
764 1540 835 1567 anni
863 1536 946 1566 1477.
993 1536 1064 1565 Cod.
1092 1537 1280 1565 Ultraieetin.
1305 1535 1424 1573 Scriptt.

112 1579 193 1607 Eccl.
220 1577 285 1607 375.
306 1595 343 1599 —
364 1578 396 1613 5,
420 1576 434 1607 1
455 1579 501 1606 Tu
520 1581 622 1607 virtus.
644 1593 680 1597 —-
701 1577 734 1611 7,
755 1577 772 1606 5
792 1576 865 1613 Spes
886 1577 977 1604 totius
998 1576 1125 1609 saeculi,
1153 1584 1247 1612 gagen
1267 1574 1323 1602 den
1343 1584 1363 1602 sv
1378 1583 1427 1602 ns„

114 1618 328 1646 beobachteten
349 1618 433 1645 Reim
454 1617 514 1644 und
530 1618 578 1645 die
599 1616 810 1654 festgehaltene
824 1614 1003 1643 Silbenzahl.
1022 1629 1060 1634 --
1080 1613 1107 1648 7,
1122 1613 1139 1642 6
1158 1614 1205 1641 Tu
1219 1615 1270 1649 pia
1283 1617 1375 1649 porta.
1389 1627 1428 1633 -—

114 1656 276 1684 Vielleieht
295 1655 437 1692 Sequenz.

533 1788 580 1820 35.
610 1787 656 1819 Ad
675 1786 801 1818 beatam
820 1786 951 1818 Mariam
971 1785 1007 1817 V.

127 1871 160 1904 1.
185 1871 267 1909 Ave,
292 1869 382 1910 virgo
408 1869 557 1910 gloriosa,
813 1868 844 1902 3.
870 1869 957 1899 Ante
981 1867 1109 1906 partum
1134 1868 1168 1897 tu
1193 1863 1282 1897 fuisti

185 1918 293 1951 Mater
319 1916 437 1950 Christi
462 1918 617 1958 speciosa,
871 1915 917 1947 Et
939 1915 973 1946 in
997 1916 1093 1956 partu
1118 1913 1322 1955 permansisti

234 1966 332 2007 Virgo
358 1965 568 2008 admirabilis,
917 1962 963 1995 Et
989 1964 1063 2002 post
1086 1966 1214 2001 partum
1240 1962 1379 2002 castitaS,

184 2014 265 2055 Ave,
290 2013 394 2046 Deum
416 2013 563 2055 genuisti,
871 2011 997 2052 Sponsa
1022 2010 1152 2051 Christi,
1177 2012 1281 2042 mater
1306 2010 1426 2043 Christi

184 2062 304 2103 Regem
329 2071 438 2103 regum
464 2060 629 2103 peperisti,
871 2059 917 2092 Es
943 2061 975 2090 et
1001 2058 1063 2091 eris
1090 2061 1122 2090 et
1146 2057 1247 2099 fuisti,

232 2111 332 2153 Virgo
354 2109 537 2143 ineffabilis,
918 2107 942 2140 O
968 2116 1091 2139 summa
1116 2107 1294 2147 virginitas.

127 2181 158 2214 2.
185 2179 232 2211 Te
258 2178 441 2211 collaudant
466 2180 499 2209 et
524 2176 637 2217 angeli,
810 2176 842 2209 4.
869 2174 962 2209 Assis
988 2174 1089 2215 nobis,
1116 2175 1204 2214 virgo
1229 2174 1292 2214 pia,

184 2227 231 2260 Te
255 2228 394 2260 adorant
417 2224 612 2267 archangeli,
870 2224 957 2263 Quae
982 2225 1095 2256 vocata
1120 2231 1153 2255 es
1178 2222 1293 2259 Maria,

234 2276 326 2310 Cives
352 2283 460 2308 omnes
485 2273 623 2316 angelici
920 2272 1022 2305 Stella
1045 2272 1142 2303 maris
1165 2270 1310 2308 rutilam,

184 2324 231 2359 Te
256 2324 402 2357 videntes
428 2322 630 2363 benedicunt,
869 2321 918 2353 Tu
941 2329 1001 2360 pro
1026 2319 1118 2352 nobis
1143 2326 1269 2358 semper
1294 2325 1351 2348 ora

183 2373 394 2407 Procidentes
417 2371 477 2405 tibi
503 2372 631 2405 dieunt:
869 2370 923 2402 Ad
947 2367 1048 2401 filium
1073 2368 1143 2399 sine
1166 2375 1257 2399 mora

232 2423 313 2465 Ave,
340 2424 444 2455 mater
467 2420 605 2454 Domini.
918 2417 1115 2456 veniamque
1139 2414 1315 2456 postulans.
