1651 2700
228 268 283 300 37.

228 673 282 705 38.

232 1079 287 1112 39.

233 1484 289 1516 40.

234 1887 291 1921 41.

238 2297 294 2331 42.

309 268 493 301 sanctitatis

357 315 452 348 totius
482 314 608 359 femina,

309 363 423 395 Mundi
447 362 597 403 princeps

359 412 391 441 et,
415 411 495 442 caeli
520 410 658 449 domina,

310 457 418 489 Servis
443 457 505 489 tuis

356 504 467 536 relaxa
490 503 622 536 crimina

308 551 351 583 Et
376 559 485 583 eorum

356 600 477 629 mentes
501 597 655 630 illumina.

308 674 389 706 Vitis
414 682 499 713 vera,

359 720 496 752 extende
519 720 682 759 palmitem

308 768 410 799 Tuum
434 768 477 800 ad
500 776 568 807 nos,

355 816 392 846 ut
415 823 486 847 eum
511 815 657 848 comitem

308 860 490 894 Habeamus

357 909 505 949 vitaeque
528 910 661 942 limitem

309 956 354 988 Et
375 959 488 995 postea

358 1002 392 1035 in
417 1004 512 1036 caelis
537 1004 705 1046 hospitem.

313 1079 413 1111 Stella
437 1079 545 1120 maris,

359 1126 467 1158 emitte
491 1127 626 1168 radium,

312 1173 412 1206 Placa
433 1182 531 1214 mare,

360 1218 451 1252 aufer
474 1220 683 1262 naufragium,

311 1267 403 1299 Tolle
425 1269 530 1300 navim

359 1315 619 1357 periclitantium,

312 1361 392 1393 Esto
415 1362 509 1394 lassis

358 1409 392 1440 in
417 1409 619 1443 adiutorium.

314 1484 367 1516 Ex
388 1486 431 1525 te,
454 1485 554 1525 virgo,

360 1534 453 1563 natus
479 1535 528 1564 est
550 1532 635 1566 filius

315 1579 402 1610 Iesus
428 1579 583 1620 Christus,

362 1633 424 1664 quo
447 1626 527 1658 nihil
551 1627 685 1669 dulciuS,

317 1672 415 1711 Quem
439 1682 585 1713 rogamus

363 1726 470 1751 omnes
494 1721 655 1761 attentius,

315 1765 362 1798 Ut
384 1766 428 1797 sit
449 1767 541 1799 nobis

363 1821 423 1853 per
447 1816 480 1845 te
502 1815 673 1855 propitius,

316 1889 393 1929 Vas,
419 1890 537 1921 excelsi

363 1945 443 1975 opus
466 1937 622 1980 mirabile,

317 1982 419 2015 Stella
443 1985 531 2025 caeli,

364 2030 485 2071 signum
508 2034 694 2076 spectabile,

319 2078 382 2110 Per
406 2080 439 2109 te
462 2078 553 2111 nobis

364 2123 422 2156 fiat
448 2126 611 2166 possibile,

318 2172 409 2212 Quod
432 2182 588 2214 rogamus,

368 2221 400 2251 et
422 2220 633 2260 impetrabile.

318 2296 418 2335 Virga
441 2294 529 2337 fumi,

367 2342 477 2376 domus
502 2348 687 2386 aromatum,

319 2391 485 2432 Apotheca

367 2439 464 2480 plena
488 2439 723 2483 charismatum,

738 169 988 205 -180-

906 483 963 517 43.

908 890 965 922 44.

910 1297 965 1329 45.

913 1707 969 1738 46.

915 2114 970 2148 47.

988 263 1177 296 Divinorum

1035 310 1189 350 magistra
1213 311 1405 351 dogmatum,

989 358 1066 398 Fac,
1092 360 1128 390 ut
1152 362 1255 389 tecum

1036 414 1166 446 agamus
1191 405 1369 437 sabbatum.

992 481 1091 515 Vallis
1115 490 1253 513 vernans

1036 528 1188 561 virtutum
1214 529 1303 572 liliis,

990 577 1073 609 Tota
1096 575 1198 608 fluens

1037 624 1167 656 summis
1195 623 1329 663 deliciis,

989 670 1076 711 Tuis,
1101 673 1212 703 sancta

1037 721 1150 760 mater,
1171 717 1330 759 suffragiis

993 765 1220 799 Condescende

1038 814 1156 845 nostris
1181 814 1330 847 miseriis

990 889 1061 922 Lux
1084 889 1235 930 iucunda,

1039 936 1150 969 refove
1173 934 1308 978 flebiles,

992 985 1114 1024 Aegros
1139 993 1226 1024 sana,

1042 1030 1189 1063 conforta
1219 1031 1352 1074 debileS,

992 1079 1061 1112 Fac
1084 1088 1141 1111 nos
1166 1079 1271 1119 mites,

1041 1129 1144 1158 castos
1174 1128 1207 1157 et
1229 1126 1365 1159 humiles

992 1173 1037 1205 Et
1060 1173 1094 1204 in
1118 1172 1183 1205 fide

1040 1218 1142 1252 fortes
1167 1223 1200 1252 et
1223 1221 1367 1254 stabiles.

991 1295 1159 1329 Advocata

1041 1347 1152 1376 nostra
1179 1346 1364 1387 praecipua,

996 1391 1066 1424 Tua
1089 1400 1186 1431 prece

1042 1447 1169 1479 semper
1192 1440 1332 1480 assidua,

995 1486 1087 1526 Quod
1111 1487 1146 1518 in
1167 1487 1260 1519 nobis

1042 1534 1162 1575 sordet,
1189 1543 1316 1577 evacua,

994 1580 1048 1614 Ad
1072 1582 1210 1620 patriam

1042 1628 1087 1659 sis
1110 1629 1204 1660 nobis
1229 1629 1335 1662 obvia.

996 1704 1094 1744 Virgo
1119 1707 1231 1747 mater,

1042 1752 1161 1783 ancilla
1184 1751 1324 1796 Domini,

995 1798 1063 1831 Nos
1088 1799 1224 1831 rebelles

1042 1849 1097 1878 tuo
1123 1846 1270 1887 regimini

995 1894 1042 1926 Et
1064 1893 1225 1926 subiectos

1042 1941 1143 1974 multo
1170 1941 1346 1975 discrimini

998 1989 1261 2023 Commendamus

1046 2039 1120 2068 tuae
1146 2037 1319 2071 dulcedini.

997 2113 1097 2153 Virga
1120 2114 1209 2146 Iesse

1044 2159 1193 2204 fecunda,
1218 2161 1346 2204 florida,

999 2209 1138 2249 Lampas
1164 2210 1245 2241 caeli

1044 2265 1124 2297 prae
1146 2257 1268 2290 cunctis
1293 2258 1429 2303 fulgida,

1000 2303 1109 2337 Corda
1130 2306 1243 2337 nostra

1047 2350 1081 2381 in
1107 2350 1190 2384 bono
1215 2353 1336 2393 tepida,

1000 2398 1077 2438 Fac,
1103 2400 1139 2429 ut
1162 2398 1242 2432 fiant

1049 2445 1083 2476 in
1107 2445 1192 2479 bono
1217 2446 1354 2481 fervida.
