1651 2700
124 234 178 266 11.

650 138 883 176 -53—

206 232 371 276 Gaude,
397 235 487 276 virgo
513 235 581 268 sine
605 236 710 278 sorde,

207 280 331 314 Munda
357 290 554 323 corporeque
579 284 675 316 eorde

254 329 306 361 Ab
332 331 418 362 omni
444 332 598 372 contagio.

125 415 179 448 12.
205 414 327 457 Gaude,
353 418 457 448 mater
484 417 664 461 singulariS,

207 463 400 504 Incorrupta
422 464 526 497 Deum
551 466 639 504 paris

258 511 337 544 Cum
363 512 497 551 pudoris
521 512 600 546 lilio.

810 237 864 270 13.
893 234 1014 276 Gaude,
1045 235 1112 267 vita
1137 237 1322 277 creatorum,

889 283 1080 324 Redemptio
1105 283 1352 327 redemptorum,

938 331 1131 372 Imperatrix
1158 332 1306 363 omnium.

811 418 865 451 14.
894 416 1014 461 Gaude,
1041 417 1142 457 gloria
1166 419 1307 459 naturae,

893 464 971 497 Flos
997 467 1029 496 et
1052 465 1152 496 honor
1177 467 1349 505 creaturae,

941 512 1111 545 Hominum
1136 512 1340 552 praesidium.

469 598 524 631 15.
552 597 674 641 Gaude,
700 598 939 631 misericordiae

548 646 645 689 Fons,
673 646 795 678 rivulus
821 646 1007 678 clementiae

593 693 758 734 Dulceque
778 692 946 734 refugium,

599 742 663 774 Ora
686 750 746 781 pro
770 741 863 773 nobis
887 740 1067 774 Dominum.

185 825 266 854 Orat.
290 834 344 852 ms.
370 824 609 861 Eberspergense
637 833 714 853 saec.
742 823 785 853 15.
835 825 908 852 Clm.
934 825 1088 853 Monacen.
1114 822 1197 853 6053.
1222 825 1256 853 A.
1278 841 1315 846 —-—
1340 826 1420 854 Orat.

111 871 165 890 ms.
186 863 367 899 Tegurinum
395 871 470 890 saec.
501 860 546 890 15.
588 862 659 891 Cim.
680 863 833 891 Monacen.
864 860 971 891 19363.
991 865 1024 891 B.
1050 877 1087 881 —
1113 863 1193 891 Orat.
1213 873 1266 891 ms.
1289 863 1422 891 Oai-thus.

111 900 346 929 Hildesheimen.
376 909 451 928 saec.
481 899 525 929 15.
576 901 646 929 Cod.
673 900 825 938 Iosephini
851 900 1083 929 Hildesheirnen.
1111 899 1129 928 3
1155 899 1201 937 (61.
1228 902 1257 929 C.
1284 916 1322 921 ——
1350 901 1382 934 7,
1405 900 1422 929 2

110 940 256 968 iustorum
279 939 310 967 C.
331 953 365 958 —·
388 937 421 972 9,
441 937 459 967 3
479 939 591 968 Fidelis
613 939 645 968 O.
665 954 703 958 —
725 937 769 974 13,
792 937 807 966 1
830 940 970 967 creatoris
990 938 1048 967 BC.
1068 953 1105 958 —
1127 937 1170 972 13,
1192 937 1210 965 2
1229 940 1421 976 redemptoris

108 977 167 1005 BC.
193 992 232 998 —·
261 976 312 1012 15,
335 976 351 1005 1
381 977 485 1005 Gaude
509 977 575 1005 fons
603 977 823 1006 misericordiae
846 977 906 1005 AB.
931 991 949 995 —
998 976 1049 1011 15,
1070 975 1088 1004 2
1105 977 1231 1005 Rivulus
1250 978 1422 1006 elementiae

107 1015 168 1044 AB.
189 1031 227 1035 —
248 1014 292 1051 15,
314 1014 334 1044 4
353 1014 427 1044 fehlt
442 1016 502 1044 ΑΒ.

564 1165 611 1197 32.
642 1165 684 1196 De
703 1165 801 1197 beata
819 1165 920 1197 Maria
940 1165 975 1196 V.

207 1256 288 1296 Ave,
314 1254 417 1295 stella,
445 1263 462 1286 ο
485 1254 602 1295 Maria,

209 1302 413 1336 Praedicaris
437 1302 523 1334 vitae
547 1302 607 1345 via,

892 1253 972 1286 Caro
994 1253 1107 1295 quibus
1133 1256 1182 1286 est
1204 1254 1239 1286 in
1263 1262 1375 1298 poena,

890 1302 1010 1336 Pravos
1033 1304 1136 1334 motus
1161 1301 1213 1334 hic
1237 1301 1374 1335 refrena.

207 1351 232 1384 Ο
258 1350 374 1390 Maria,
401 1350 495 1382 stella
520 1350 627 1393 maris,
888 1349 933 1382 Et
956 1350 1079 1390 legatus
1104 1350 1165 1382 hoc
1188 1350 1356 1391 praedicit,

209 1398 416 1438 Complanato
440 1396 533 1430 nobis
560 1398 672 1429 callem
892 1396 994 1429 Deum
1019 1406 1088 1429 esse
1111 1400 1215 1429 tecum
1242 1398 1328 1439 dicit,

146 1448 177 1479 5.
204 1445 401 1478 Transituris
425 1454 485 1487 per
509 1445 591 1477 hanc
607 1445 735 1486 vallem,
806 1446 860 1478 25.
888 1444 934 1478 Te
960 1454 1029 1477 cum
1054 1443 1161 1477 fructu
1186 1445 1356 1478 benedicit.

202 1493 257 1526 Ad
283 1493 343 1525 hoc
365 1502 443 1533 opus
468 1493 673 1533 praesignata
887 1492 931 1525 Et
956 1496 1001 1534 tu,
1026 1501 1102 1524 vere
1124 1493 1303 1537 benedicta,

203 1542 247 1574 Et
271 1551 290 1573 a
315 1541 384 1573 Deo
409 1541 500 1573 nobis
528 1540 611 1582 data,
887 1540 1027 1573 Exinani
1052 1541 1233 1583 maledicta,

203 1590 318 1622 Preme
344 1588 428 1629 pede
451 1588 651 1629 praevalenti
888 1590 975 1626 Quae
1001 1588 1132 1620 donavit
1156 1590 1257 1621 mater
1284 1589 1379 1623 dicta.

204 1637 309 1677 Caput
332 1636 442 1676 anguis
466 1637 627 1679 virulenti,
889 1635 955 1669 Nos
980 1645 1039 1676 per
1064 1637 1167 1669 Evam
1193 1638 1347 1676 captivati

122 1686 177 1718 10.
204 1685 262 1725 Qui
286 1683 397 1717 felices
421 1694 479 1717 nos
504 1685 634 1717 seduxit
807 1686 862 1718 30.
888 1683 941 1716 Ad
966 1693 1139 1724 poenarum
1163 1685 1307 1727 praevia,

203 1733 248 1765 Et
272 1733 306 1764 in
330 1741 419 1765 mare
442 1742 500 1765 nos
523 1733 661 1766 induxit.
890 1731 954 1765 Per
977 1735 1010 1764 te
1034 1741 1140 1765 sumus
1166 1735 1308 1765 revocati

121 1925 176 1959 15.

202 1781 252 1814 Tu
276 1780 429 1813 Abrahae
450 1781 515 1813 iam
538 1781 699 1821 promissa,

201 1829 246 1862 Et
268 1837 328 1869 per
351 1829 440 1861 Iesse
460 1827 552 1861 nobis
577 1830 685 1869 missa,

202 1877 301 1917 Virga
308 1875 436 1918 florens,
449 1876 573 1917 produc
582 1876 732 1917 fructum,

202 1925 262 1964 Qui
288 1924 437 1956 excludat
460 1924 549 1957 Evae
570 1925 692 1957 luctum

203 1973 300 2012 Signo
325 1973 435 2012 virgae
458 1973 528 2004 sine
551 1974 648 2006 unda.

201 2021 252 2054 Sis
277 2020 411 2053 honesta
436 2020 576 2062 mitibus,

202 2069 308 2103 Corda
332 2071 444 2102 nostra
467 2071 502 2101 tu
527 2066 666 2102 fecunda

890 1780 944 1813 Ad
967 1788 1108 1821 superna.
1131 1781 1257 1821 gaudia.

891 1828 988 1868 Virgo
1012 1829 1144 1866 munda,
1170 1829 1258 1870 virgo
1284 1829 1348 1870 pia,

890 1876 1057 1916 Templum
1083 1876 1153 1920 Dei,
1181 1877 1262 1909 caeli
1287 1878 1348 1914 via,

854 1952 861 1958 .
887 1924 982 1957 Dona
1006 1924 1097 1957 nobis
1124 1925 1288 1957 caritatem

887 1971 932 2005 Et
956 1981 1027 2004 cum
1052 1974 1170 2005 sanetis
1195 1974 1359 2006 unitatem.

887 2019 964 2052 Nati
987 2022 1033 2052 tui
1056 2024 1186 2060 praesta
1208 2022 1320 2061 visum,

889 2069 1002 2101 Redde
1025 2068 1117 2101 nobis
1142 2070 1337 2110 paradisum,

200 2117 342 2157 Fronde,
368 2115 448 2149 flore
469 2117 631 2159 germinis,

116 2168 171 2201 20.
198 2167 307 2199 Mater
325 2165 398 2207 Dei,
422 2165 492 2198 Deo
518 2165 623 2206 plena,

888 2115 953 2150 Ubi
977 2115 1050 2149 finis
1076 2121 1125 2149 est
1148 2117 1303 2160 laborum,

802 2165 857 2198 40.
882 2165 1053 2198 Plenitudo
1078 2167 1275 2206 gaudiorum.

180 2253 260 2282 Orat.
290 2261 344 2280 ms.
369 2252 484 2280 Domus
509 2251 614 2279 Novae
639 2250 730 2278 Lucis
758 2251 829 2278 anni
861 2248 942 2278 1477.
987 2250 1058 2278 Cod.
1085 2252 1273 2280 Ultraiectin.
1301 2250 1420 2287 Srriptt.

101 2292 183 2321 Eccl.
218 2288 283 2320 375.
310 2307 349 2311 —
374 2287 421 2318 40.
447 2290 489 2318 Et
514 2288 677 2326 plenitudo.
707 2304 745 2309 —
771 2289 833 2317 Das
859 2288 934 2318 Lied
962 2290 1041 2317 steht
1066 2290 1098 2316 in
1125 2290 1176 2318 der
1201 2289 1255 2316 Hs.
1284 2298 1322 2317 an
1348 2291 1420 2317 zwei

103 2330 226 2359 Stellen.
268 2330 315 2358 An
335 2330 386 2358 der
406 2331 493 2357 einen
514 2328 607 2357 Stelle
625 2329 748 2364 beginnt
768 2336 799 2356 es
819 2326 873 2356 mit
890 2328 965 2356 Vers
985 2326 1003 2356 3
1022 2328 1111 2356 Nunc
1127 2329 1227 2356 Maria
1246 2328 1340 2360 stella,
1362 2329 1422 2355 und

102 2370 264 2398 schliessen
294 2369 358 2396 sich
388 2376 426 2396 an
456 2368 592 2396 dasselbe
622 2368 812 2395 uninittelbar
839 2368 915 2395 noch
942 2367 1050 2395 andere
1076 2366 1296 2403 unzugehbrige
1322 2366 1422 2394 milen

102 2408 333 2437 abweichenden
346 2408 444 2435 Baues
459 2406 519 2436 und
533 2406 762 2435 verschiedenen
775 2405 897 2434 Inhalts.
931 2407 979 2433 An
993 2406 1044 2434 der
1058 2406 1168 2433 andem
1184 2403 1276 2433 Stelle
1290 2404 1423 2433 schliesst

104 2457 136 2476 es
157 2450 213 2476 mit
229 2447 306 2476 Vers
326 2444 374 2475 32.
