1651 2700
618 145 660 152 —-
715 124 878 160 191—-

98 221 159 254 28.
184 219 234 252 Tu
258 218 415 262 fulgorem
783 220 843 255 2b.
870 221 967 255 Lucis
993 229 1067 261 ergo

234 267 345 301 electri
370 271 541 310 temperas,
917 271 1019 301 mater
1045 270 1076 299 et
1100 266 1176 310 filia,

184 315 387 348 inaccessum
869 316 940 350 Lux
967 325 999 348 es
1024 315 1142 348 mundo

232 363 339 396 lumen
367 365 441 397 dum
464 374 608 408 generas,
918 364 1005 396 facta
1028 362 1190 404 primaria.

100 422 159 454 3a.
185 419 325 453 Nostrae
349 421 453 453 noctis
786 422 848 455 3b.
874 421 919 454 Et
944 422 985 453 da
1009 421 1093 452 vitae

233 467 345 501 nubila
368 468 494 509 respice
916 470 1023 500 lumen
1048 467 1222 508 angelicae.

98 525 160 558 4a.
184 523 297 557 Nubes
320 525 413 566 levis,
438 526 556 558 iustum
579 527 655 568 plue
786 526 847 560 4b.
873 526 988 559 Pacem
1016 526 1111 557 vit-am
1137 527 1166 557 et
1191 524 1323 564 gloriam

234 572 433 613 gratiamque
455 582 539 614 rora,
917 573 1053 605 saeculis
1076 573 1222 612 implora.

168 639 248 667 Orat.
274 647 327 666 ms.
347 638 472 666 Maioris
493 638 667 667 Carthusiae
687 647 763 667 saee.
784 636 858 667 ¹4l15.
898 638 970 667 Cod.
990 638 1256 675 Gratianopolitan.
1279 635 1341 666 181.

534 730 596 762 139.
626 731 670 763 De
689 731 785 762 beata
803 730 903 762 Maria
922 730 959 762 V.

105 800 136 834 1.
163 800 268 840 Salve,
294 800 392 841 plena
418 799 561 841 caritate,
788 801 820 834 3.
846 800 1002 840 Angelica
1027 799 1206 833 hierarchia

163 847 325 888 Singulari
349 847 479 888 pietate,
846 848 917 888 lugi
939 848 1052 880 laudat
1074 847 1239 880 harmonia

163 894 303 937 Speciali
329 894 494 937 dignitate,
845 896 894 928 Te
916 895 1054 936 beatam,
1082 895 1168 927 euius
1192 894 1257 926 tria

209 943 311 975 Tuam
335 941 465 974 laudem
487 941 616 982 perficit
895 942 1038 975 Probent
1060 941 1239 982 privilegia,

162 990 250 1022 Tuus
276 990 375 1029 Iesus,
400 998 459 1022 rex
483 989 655 1030 caelorum,
847 990 940 1029 Quod
963 993 1009 1029 tu,
1034 990 1123 1031 virgo
1148 993 1249 1021 mater
1272 987 1344 1029 Dei,

163 1038 222 1077 Qui
247 1037 279 1069 in
307 1037 389 1069 cella
413 1037 645 1078 pigmentorum
847 1037 994 1069 Summae
1018 1037 1165 1068 thronum
1191 1035 1321 1076 requiei,

163 1086 210 1118 Te
238 1085 393 1117 malorum
418 1086 622 1124 granatorum
847 1084 962 1117 Curam
986 1084 1097 1116 matris
1123 1083 1253 1123 habens,
1281 1083 1309 1113 ei

208 1133 310 1165 Plene
334 1134 439 1165 musto
463 1131 577 1165 reficit.
894 1131 1076 1172 Gonregnas
1101 1132 1134 1163 in
1159 1130 1270 1171 gloria.

103 1191 134 1223 2.
162 1190 259 1230 Virgo
284 1192 397 1230 mater,
423 1188 595 1229 gratulare,
787 1190 818 1223 4.
845 1189 932 1229 Quae
958 1197 990 1220 es
1015 1188 1147 1220 thronus
1173 1190 1246 1219 tuae
1270 1186 1381 1228 prolis,

162 1237 265 1269 Tuum
290 1237 395 1269 Iesum
423 1236 569 1269 osculare
846 1238 876 1268 A
901 1236 1020 1268 terreni
1046 1234 1122 1268 fisco
1147 1236 1239 1267 molis

162 1284 205 1317 Et
234 1285 267 1317 in
293 1285 360 1317 eius
387 1284 548 1316 delectare
846 1284 913 1316 Nos
938 1285 1059 1316 solutos
1084 1281 1170 1315 infer
1192 1283 1275 1323 polis

209 1332 319 1364 Beatis
344 1331 565 1375 amplexibus3
892 1332 1043 1364 Materna
1066 1330 1220 1372 potentia,

162 1379 302 1421 Dignum
328 1379 411 1412 enirn
437 1382 484 1411 est
511 1381 543 1411 et
565 1380 692 1423 iustum,
845 1379 912 1412 Ubi
936 1379 1020 1411 bona
1044 1378 1210 1411 videamus

162 1427 224 1459 Dei
248 1427 377 1468 plenum
403 1427 523 1459 habens
549 1428 684 1468 gustum,
847 1425 1058 1467 Sempiterna,
1086 1434 1166 1466 quae
1188 1432 1363 1465 spei-amm,

162 1474 209 1508 Ut
231 1475 350 1507 amoris
374 1474 467 1507 bibas
491 1478 629 1506 mustum
848 1475 885 1508 In
909 1482 990 1513 pace
1013 1473 1076 1506 Dei
1100 1473 1243 1506 vivamus

207 1523 291 1555 Prae
317 1523 439 1554 cunctis
463 1521 653 1554 amantibus.
894 1521 983 1554 Inter
1004 1520 1083 1553 Sion
1109 1521 1251 1554 brachia.

160 1590 243 1618 Orat.
274 1597 329 1617 ms.
356 1589 469 1617 Domus
495 1588 600 1616 Novae
623 1588 713 1616 Lucis
739 1588 810 1616 anni
839 1585 922 1615 1477.
969 1587 1039 1615 God.
1064 1587 1253 1615 Ultraieetin.
1282 1585 1401 1621 Seriptt.

84 1627 165 1656 Eecl.
188 1626 253 1656 375.
276 1642 312 1647 —
332 1625 380 1662 4,7
400 1626 442 1655 Et
462 1628 493 1654 in
513 1634 595 1663 paee.
616 1640 653 1645 ——
674 1625 834 1654 Vielleieht
853 1625 995 1662 Sequenz.

224 2223 279 2257 10.

525 1717 595 1752 140.
627 1718 671 1749 De
691 1717 788 1750 beata
808 1717 910 1749 Maria
931 1718 968 1750 V.

304 1789 411 1830 Salve,
436 1789 559 1830 regina,
583 1792 688 1821 mater
714 1788 822 1821 divina
848 1788 1053 1832 deicolarum,

304 1837 350 1870 Es
375 1836 533 1869 matutina
558 1837 654 1869 stella
677 1836 811 1877 marina,
838 1837 894 1869 lux
919 1836 1107 1870 animarum.

305 1885 418 1918 Palma
442 1884 484 1916 tis
509 1884 603 1927 freta,
631 1883 726 1916 sertis
751 1883 884 1924 impleta
908 1884 981 1917 illas
1008 1887 1147 1928 coronat,

306 1933 457 1973 Quaeque
481 1932 554 1974 plus
579 1933 666 1964 laeta
689 1931 829 1964 aetheris
854 1935 940 1964 meta
965 1932 1090 1965 cantica
1113 1934 1215 1965 sonat.

306 1980 428 2013 Nostra
452 1989 526 2021 spes
553 1979 665 2020 dulcis,
690 1979 785 2012 lassis
809 1979 925 2012 hiulcis
951 1979 1050 2012 cimus
1079 1982 1111 2012 te
1134 1979 1224 2021 foris,

303 2028 422 2061 Mortis
447 2031 484 2060 ut
508 2028 606 2060 sulcis
631 2028 750 2071 trahas,
777 2037 858 2068 quae
883 2027 976 2060 fulcis
1000 2037 1058 2060 nos
1083 2028 1208 2061 iunctos
1233 2028 1320 2063 loris,

306 2077 427 2109 Iterum
453 2076 552 2116 salve,
577 2077 695 2109 iterum
719 2076 834 2109 valvae
857 2084 942 2108 nune
965 2077 1111 2117 paradisi

305 2125 383 2159 Sese
409 2124 586 2169 dehiscant,
609 2133 695 2156 nunc
720 2123 915 2165 resipiscant,
938 2124 972 2157 in
996 2126 1030 2157 te
1055 2124 1176 2158 confisi.

302 2172 403 2214 Heus,
430 2173 491 2213 eia,
515 2182 590 2213 ergo
615 2174 648 2205 te
669 2172 738 2205 sine
763 2181 859 2213 vergo
884 2172 926 2205 ad
951 2172 1018 2205 ima
1039 2176 1156 2215 terrae,

306 2222 375 2254 Ima
398 2222 564 2264 maeroris,
593 2220 635 2253 da
660 2220 693 2253 vi
717 2221 833 2253 amoris
860 2221 970 2262 culpas
995 2220 1133 2256 auferre.

303 2269 376 2303 Hac
401 2272 506 2303 taetra
531 2270 625 2312 valle,
651 2267 752 2302 fiebili
778 2268 860 2301 calle
885 2269 1010 2309 respice
1036 2272 1174 2313 cunctos,

303 2319 420 2352 Oculos
445 2321 545 2358 verte,
569 2317 612 2351 ad
636 2326 694 2350 nos
721 2320 871 2351 converte
896 2318 995 2351 corde
1020 2320 1234 2358 compunctos.

301 2366 389 2400 Fons
419 2366 595 2408 gratiarum
615 2364 844 2407 largifluamm,
871 2367 1013 2406 nympha
1037 2374 1184 2408 superna,

300 2415 365 2449 Illa
388 2423 447 2449 nos
473 2424 557 2457 rora,
585 2417 698 2449 nostra
720 2414 844 2458 peiora,
872 2414 995 2447 claudis
1019 2413 1156 2447 inferna.
