1651 2700
297 293 303 300 .
329 269 488 302 Decorata

379 317 508 349 caelesti
532 317 619 360 solio,

329 364 378 396 Tu
401 373 480 404 quae
504 373 617 404 regnas

377 421 441 443 una
466 420 535 443 cum
561 409 637 450 filio,

328 460 413 490 Ante
438 459 524 490 cuius

376 507 577 545 conspectum
604 504 706 544 venio,

351 553 416 585 Tuo
441 552 542 584 fidens

396 600 431 636 in
453 598 640 639 patrocinio.

290 700 296 707 .
324 675 370 706 Te
394 674 571 714 scripturae

369 722 541 761 loquuntur
565 723 716 760 veterum,

323 769 385 801 Per
409 770 441 799 te
466 770 553 800 vemt

369 815 523 847 formator
550 815 700 858 siderum,

319 864 381 896 Per
405 865 437 894 te
461 862 596 894 mundus

367 910 493 950 excepit
516 918 659 950 puerum,

318 958 428 998 Iugum
453 957 532 997 legis

366 1006 420 1045 qui
444 1005 540 1036 solvit
562 1013 719 1044 asperum.

286 1105 293 1113 .
319 1081 381 1112 Per
404 1085 446 1119 te,
473 1080 584 1112 mundi

365 1128 461 1159 totius
486 1128 621 1168 domina,

315 1175 520 1207 Peccatorum

363 1222 528 1254 solvantur
553 1221 693 1265 crimina,

313 1269 356 1301 Et
381 1278 439 1309 per
462 1271 517 1300 tua

360 1316 451 1348 nobis
479 1316 652 1348 munimina

311 1363 485 1404 Babylonis

358 1411 518 1443 siccantur
540 1409 680 1444 flumina.

278 1512 285 1519 .
311 1486 427 1518 Tribus
451 1486 553 1518 Iudae

356 1542 498 1574 propago
521 1533 648 1574 nobilis,

307 1581 465 1614 Universo

355 1628 473 1660 mundo
498 1627 681 1668 laudabilis,

309 1675 408 1707 Porta
432 1675 508 1707 Sion

354 1721 619 1762 inexpugnabilis,

307 1770 513 1801 Peccatorum

354 1825 449 1857 prece
472 1815 631 1848 flexibilis.

273 1919 279 1925 .
304 1892 341 1924 In
366 1895 399 1924 te
423 1895 555 1932 sperant

354 1940 447 1972 etiam
472 1941 590 1984 miseri,

306 1987 364 2026 Qui
389 1996 447 2027 pro
474 1988 575 2028 culpis

351 2038 512 2067 merentur
529 2036 659 2078 conteri,

304 2081 348 2113 Et
372 2083 474 2121 erepti

351 2129 391 2160 de
415 2128 506 2161 fauce
530 2130 626 2163 inferi

302 2176 420 2208 Natum
444 2179 532 2209 tuum

347 2226 522 2264 sequuntur
545 2225 649 2259 liberi.

266 2328 274 2335 .
298 2299 385 2332 Fons
410 2299 584 2343 hortorum,

349 2356 501 2388 aquarum
525 2351 649 2392 puteus,

297 2395 358 2428 Via
381 2395 471 2438 lucis,

344 2443 497 2482 splendor
521 2444 674 2486 sidereus,

787 170 1050 206 —214—

1035 268 1081 299 Te
1107 270 1279 301 conventus

1080 315 1193 347 laudat
1216 315 1393 357 aethereus,

1033 362 1078 395 Et
1107 361 1261 394 formidat

1079 410 1230 450 princeps
1256 412 1426 443 tartareus.

974 486 1004 518 8.
1030 485 1093 517 Dei
1122 486 1287 527 templum,

938 1301 990 1333 10.

932 1708 985 1742 11.

927 2118 981 2152 12.

1077 534 1195 572 regalis
1221 534 1343 575 civitas,

1031 581 1131 618 Quam
1156 579 1305 614 fundavit

1076 628 1150 668 ipsa
1171 628 1331 670 divinitas,

1027 674 1078 706 De
1104 675 1166 707 hac
1190 678 1278 708 terra

1075 725 1146 755 orta
1171 726 1220 755 est
1241 725 1372 762 veritas,

1026 769 1071 802 Ut
1093 779 1151 802 nos
1176 780 1296 811 poenas

1074 818 1207 850 vitemus
1234 819 1370 855 debitas,

991 920 998 927 .
1024 893 1154 926 Portam
1181 895 1321 928 clausam

1071 942 1153 974 vidit
1178 942 1341 986 Ezechiel,

1022 989 1086 1021 Per
1110 998 1204 1029 quam
1229 991 1315 1023 solus

1068 1037 1185 1069 transit
1212 1037 1381 1079 Emanuel,

1020 1083 1111 1115 Haec
1134 1086 1167 1115 te
1191 1085 1305 1128 signat,

1068 1131 1221 1164 salvatrix
1245 1134 1357 1175 Israel,

1021 1178 1119 1217 Quam
1144 1179 1297 1212 intactam

1066 1227 1185 1259 salutat
1211 1227 1354 1264 Gabriel.

1018 1301 1118 1340 Quam
1144 1303 1289 1336 caelestis

1065 1350 1184 1382 salutat
1206 1352 1348 1397 vernula,

1016 1397 1250 1436 Prophetarum

1066 1448 1183 1477 canunt
1209 1448 1347 1492 oracula,

1017 1491 1125 1531 Ipsam
1149 1496 1259 1526 nostra

1063 1540 1220 1573 mirantur
1241 1544 1378 1583 saecula,

1015 1585 1060 1617 Et
1085 1590 1134 1619 est
1156 1589 1250 1621 nobis

1062 1635 1192 1667 vivendi
1217 1639 1336 1678 regula.

1013 1709 1115 1742 Stella
1138 1712 1246 1755 maris,

1059 1758 1106 1789 sic
1135 1759 1218 1791 enim
1245 1761 1372 1801 diceris,

1012 1805 1066 1838 Ad
1090 1808 1124 1837 te
1149 1807 1261 1850 clamo,

1056 1862 1098 1885 ne
1122 1863 1174 1887 me
1198 1856 1376 1898 reliqueris,

1010 1901 1063 1932 Ad
1088 1901 1149 1934 hoc
1172 1903 1254 1934 enim

1059 1949 1162 1982 electa
1187 1952 1339 1993 crederis,

1008 1996 1055 2028 Ut
1078 1998 1213 2030 salutem

1056 2049 1201 2085 reportes
1226 2047 1363 2083 miseris.

1007 2119 1071 2152 Per
1094 2124 1128 2153 te
1152 2131 1308 2157 summum

1054 2168 1116 2201 Dei
1147 2171 1312 2203 consilium

1006 2215 1159 2251 Visitavit

1052 2267 1196 2296 nostrum
1219 2267 1376 2310 exsilium,

1006 2310 1191 2353 Benedicta,

1052 2368 1134 2399 quae
1158 2360 1224 2392 tale
1247 2364 1399 2403 gaudium

1004 2405 1173 2440 Protulisti

1051 2455 1133 2486 votis
1153 2454 1307 2493 fidelium.
