1651 2700
226 898 282 933 10.

230 1210 282 1246 11.

231 1524 286 1555 12.

235 1880 290 1914 13.

234 2193 289 2226 14.

727 153 987 189 -21Ο-

300 252 458 286 Mundum
481 252 605 292 lapsum
630 249 785 283 relevavit

302 301 347 333 Et
370 302 514 332 naturam
538 297 725 331 reformavit

349 349 521 387 Assumpto
545 345 576 378 in
603 345 738 387 homine,

305 397 404 435 Quam
434 395 474 426 <le
495 392 626 425 summis
650 392 831 423 devolutam

304 443 349 475 Et
371 440 511 483 peccatis
535 440 708 473 involutam

352 489 414 522 Suo
438 487 541 521 salvat
564 486 701 519 nomine.

305 577 403 615 Quam
427 573 564 605 iucunde
589 570 783 611 quiescebaS,

308 622 401 655 Casto
426 621 537 652 ventre
564 619 636 650 dum
663 617 789 650 ferebas

355 667 453 709 Caeli,
477 669 583 699 terrae
607 666 777 707 dominum,

309 715 364 748 Nil
391 714 508 747 doloris
532 713 701 756 sentiebas,

308 763 404 802 Virgo
428 764 539 804 mater,
568 769 638 793 cum
663 760 814 801 gignebas

354 809 550 842 Salvatorem
575 808 747 841 hominum.

307 897 432 930 Blando
456 897 528 928 sinu
556 894 639 927 hunc
663 893 782 933 fovere,

309 944 411 977 Dulce
437 945 531 984 caput
557 942 746 982 demulcere,

357 992 381 1024 Ο
410 991 519 1032 quales
546 989 689 1028 deliciae,

309 1039 382 1070 Tali
404 1041 480 1070 nato
504 1038 556 1069 lac
578 1037 746 1077 praebere,

309 1087 403 1119 Hunc
427 1084 585 1125 amplecti,
611 1086 696 1117 hunc
717 1087 835 1124 tenere,

358 1133 382 1165 O
410 1134 545 1173 quantae
572 1131 716 1164 divitiae!

308 1210 357 1242 Tu
363 1217 441 1250 prae
448 1217 505 1240 cun
510 1208 568 1240 ctis
576 1208 747 1247 splendens
754 1215 837 1248 rosa,

308 1257 416 1289 Mater
440 1256 524 1288 vitae
548 1263 703 1297 speciosa,

357 1304 445 1335 Inter
469 1303 577 1345 spinas
603 1302 715 1342 lilium,

312 1353 401 1384 Inter
426 1358 533 1382 omnes
558 1352 676 1382 matres
701 1358 774 1389 una,

310 1398 450 1431 Pulchra
473 1397 575 1437 fulges
601 1397 691 1437 quasi
713 1397 800 1438 luna,

358 1444 463 1477 Solem
487 1444 617 1486 gignens
642 1443 753 1477 filium.

310 1522 392 1562 Hoc,
418 1521 502 1562 quod
519 1523 638 1563 patres,
663 1520 749 1559 quod
765 1528 838 1560 pro-

613 1566 728 1606 phetae

315 1614 552 1653 Prophetarum
574 1616 674 1645 totum
701 1613 741 1646 de
765 1617 797 1645 te

358 1661 490 1700 Tuoque
515 1661 556 1691 de
578 1659 664 1700 fili03

313 1709 359 1740 Te
383 1707 565 1750 sperabant,
593 1710 624 1738 te
641 1708 837 1747 spectabant,

313 1755 515 1788 Nascituram
542 1754 747 1794 suspirabant

362 1802 506 1842 Captivis
529 1802 657 1834 auxilio.

315 1880 415 1912 Plene
438 1878 541 1909 iumen
567 1879 601 1909 in
625 1881 659 1910 te
682 1879 774 1921 luxit,

312 1926 427 1958 Totum
451 1924 567 1957 fiumen
589 1925 622 1957 in
648 1927 680 1957 te
704 1924 796 1959 fluxit

361 1972 592 2013 Prophetarum
618 1974 765 2015 omnium,

313 2021 363 2052 Tu
385 2021 420 2052 in
444 2021 512 2052 sole
535 2021 680 2061 posuisti,

315 2068 363 2100 Tu
387 2067 419 2099 in
444 2067 545 2099 lucem
570 2069 733 2108 protulisti

360 2114 504 2147 Danielis
528 2117 692 2150 somnium.

315 2190 433 2230 Rubus,
453 2199 544 2230 quem
560 2200 624 2223 non
641 2193 734 2225 laesit
746 2194 839 2237 ignis,

314 2240 362 2271 Te
385 2238 575 2270 monstravit
597 2240 686 2271 miris
711 2241 808 2282 signis

363 2285 562 2318 Genetricem
585 2286 752 2328 virginem,

316 2335 354 2367 In
379 2343 441 2374 qua
464 2333 616 2374 splendor
643 2334 770 2368 deitatis

313 2382 445 2422 Absque
470 2381 584 2413 damno
609 2382 763 2416 castitatis

363 2430 404 2463 Se
428 2428 557 2463 vestivit
581 2428 749 2463 hominem.

901 248 955 281 15.

907 579 963 614 16.

910 905 965 938 17.

911 1227 962 1261 18.

911 1552 967 1583 19.

909 1872 966 1906 20.

912 2196 965 2228 21.

983 248 1081 288 Virga
1107 248 1155 279 tui
1178 249 1291 288 typum
1315 246 1415 287 gessit

985 296 1085 329 Succo
1111 303 1233 335 carens,
1261 303 1341 334 quae
1358 294 1515 334 expressit

1032 342 1161 375 Florem
1187 341 1420 382 admirabilem,

987 390 1095 430 Virgo,
1122 390 1213 430 virga
1236 392 1272 421 tu
1296 388 1397 433 fuisti,

986 438 1064 469 Viro
1091 446 1202 469 carens
1228 445 1309 478 quae
1333 434 1446 468 fudisti

1036 485 1163 518 Prolem
1189 486 1254 516 tam
1277 483 1456 516 amabilem.

989 580 1054 613 Ros
1079 580 1225 622 illapsus,
1253 579 1324 611 lene
1349 579 1462 620 vellus,

988 627 1069 660 Dum
1097 630 1241 659 maneret
1264 627 1351 659 sicca
1375 627 1481 669 tellus,

1036 674 1214 715 Specialem
1240 675 1376 716 gratiam

988 723 1083 756 Caelo
1109 723 1238 755 missam
1263 723 1492 764 praesignavit,

989 771 1074 810 Quae
1099 772 1222 802 secrete
1246 769 1433 802 fecundavit

1037 818 1167 852 Castam
1190 818 1391 858 pudicitiam.

990 904 1077 937 Tuus
1103 907 1215 937 venter
1240 904 1349 936 clausa
1372 906 1476 944 porta,

991 952 1122 993 Venter,
1150 952 1190 983 de
1214 960 1278 992 qua
1302 951 1387 984 salus
1413 955 1495 993 orta,

1037 998 1127 1031 Nulli
1153 1000 1220 1031 viro
1245 1000 1369 1039 patuit3

992 1046 1084 1078 Solus
1108 1046 1165 1078 ille
1188 1046 1407 1089 pertransivit,

992 1093 1087 1126 Cuius
1116 1095 1179 1126 iter
1203 1102 1295 1126 nemo
1321 1094 1425 1133 scivit,

1037 1140 1120 1173 Dum
1146 1142 1193 1173 sic
1216 1141 1305 1174 nasci
1330 1142 1453 1174 statuit.

992 1228 1030 1259 In
1055 1229 1096 1270 te,
1124 1227 1225 1269 virgo,
1251 1236 1374 1260 summa
1397 1228 1487 1267 legis,

991 1275 1039 1306 Tu
1067 1274 1212 1306 caelestis
1236 1274 1309 1307 aula
1334 1275 1428 1317 regis,

1038 1322 1145 1355 Dulce
1170 1322 1387 1364 secretarium,

992 1369 1094 1401 Tuum
1118 1373 1230 1409 pectus
1256 1369 1433 1403 divinorum

993 1417 1172 1457 Splendens
1193 1425 1270 1450 arca
1287 1417 1519 1460 thesaurorum,

1038 1464 1201 1497 Virtutum
1225 1466 1410 1499 sacrarium.

995 1549 1139 1582 Summus
1164 1552 1258 1590 pater
1284 1551 1452 1583 collocavit

991 1598 1031 1630 In
1054 1601 1098 1640 te,
1125 1606 1203 1636 quas
1228 1598 1301 1637 plus
1326 1598 1498 1639 adamavit,

1041 1644 1187 1676 Secretas
1214 1644 1354 1685 divitias,

991 1691 1095 1724 Huius
1123 1691 1232 1724 domus
1257 1692 1291 1724 in
1316 1696 1439 1725 secreto

992 1738 1130 1771 Pulchro
1151 1747 1283 1771 manens
1309 1743 1341 1772 et
1366 1741 1482 1785 quieto,

1040 1786 1125 1826 Quas
1151 1786 1249 1818 habes
1276 1786 1419 1820 delicias.

992 1871 1104 1911 Tuque
1127 1872 1230 1903 lectus
1256 1872 1447 1914 Salomonis,

996 1917 1255 1959 circumsaeptus
1281 1920 1358 1952 viris
1385 1920 1477 1954 bonis

1040 1965 1214 2007 Sexaginta
1237 1966 1393 2010 fortibus;

991 2013 1037 2046 Hi
1061 2014 1209 2046 custodes
1234 2014 1328 2047 huius
1352 2016 1429 2049 lecti

993 2061 1047 2094 Ad
1071 2062 1167 2093 talem
1195 2071 1303 2095 curam
1330 2063 1447 2096 delecti

1042 2108 1122 2141 Sunt
1148 2109 1264 2142 divinis
1290 2111 1440 2145 sortibuS.

994 2195 1102 2236 Teque
1129 2195 1339 2230 circumstant
1363 2201 1480 2232 armati

992 2243 1038 2276 Et
1062 2243 1103 2276 ad
1127 2244 1216 2277 bella
1238 2248 1434 2291 praeparati,

1043 2291 1241 2325 Resistentes
1266 2294 1423 2338 hostibus,

997 2338 1211 2379 Quoadusque
1236 2342 1394 2375 calceatus

995 2385 1067 2419 Rex
1092 2389 1248 2426 procedat
1276 2390 1361 2430 regis
1386 2394 1480 2425 natus

1043 2433 1226 2467 Obserratis
1255 2437 1411 2476 postibus.
