1651 2700
714 165 970 201 -224—

206 265 238 299 5.
261 264 306 298 Et
329 274 382 298 me
403 264 465 297 tibi
488 264 541 298 fac
563 265 693 304 servire,
883 263 915 294 6.
941 260 997 292 Me
1021 257 1162 299 digneris
1187 267 1368 299 expurgare

310 313 374 345 Hic
399 312 552 353 quamdiu
573 311 692 351 vixer0‚
987 307 1017 338 A
1043 305 1133 338 faece
1157 306 1386 344 peccaminum,

265 360 370 393 Vitam
394 367 557 399 meamque
580 357 673 391 finire
941 354 1055 394 Credo,
1082 352 1167 393 quod
1192 360 1243 383 me
1268 352 1483 383 condemnare

308 408 347 440 In
370 409 424 439 tuo
449 405 588 439 servitio.
989 400 1061 433 Non
1087 400 1135 432 vis
1162 401 1297 439 propter
1321 398 1447 433 vitium.

265 490 346 556 Ogat.
374 499 427 518 ms.
452 490 562 517 Domus
591 487 693 516 Novae
718 488 809 515 Lucis
838 488 909 514 anni
935 483 1016 513 1477.
1063 484 1133 512 Cod.
1162 483 1361 511 Ultraieetin..
1376 482 1495 518 Scriptt.

188 528 268 557 Eccl.
308 528 353 557 75.

623 674 681 705 177,
712 673 755 705 De
774 673 869 705 beata
887 671 994 704 Maria
1012 672 1047 703 V.

201 775 231 808 1.
259 773 347 815 Vale,
374 773 462 813 virgo
487 771 602 806 florens
628 782 710 816 rosa,
879 775 912 806 4.
938 771 1060 812 Regina
1087 770 1167 803 caeli
1192 779 1225 803 es
1252 772 1375 814 vocata,

257 820 392 860 Semper
416 828 527 852 recens
553 824 583 852 et
608 820 757 864 formosa,
938 820 990 853 Ab
1015 825 1145 851 aeterno
1175 818 1325 851 ordinata

258 867 362 907 Super
386 876 492 900 omnes
515 868 660 907 speciosa
937 867 982 899 Et
1006 876 1026 899 a
1050 875 1171 899 summo
1198 865 1392 906 confirmata,

303 915 348 947 Et
370 916 502 947 multum
528 915 692 956 amabilis3
986 914 1035 945 Tu
1061 923 1094 946 es
1118 916 1262 946 nostrum
1286 914 1457 955 gaudium3

257 963 307 994 Tu
332 971 366 994 es
391 963 474 994 enim
499 963 648 1004 gratiosa,
934 963 985 995 Tu
1010 970 1044 993 es
1068 964 1179 994 nostra
1203 960 1370 1003 advocata,

259 1010 307 1041 Tu
334 1018 366 1041 es
391 1012 493 1042 mater
518 1011 666 1052 gloriosa,
939 1010 1056 1042 Sancta
1080 1011 1111 1040 et
1135 1009 1349 1049 immaculata,

258 1056 366 1096 Stirpe
389 1056 497 1089 David
521 1067 684 1098 generosa,
938 1058 976 1089 In
1001 1059 1092 1088 utero
1118 1054 1326 1097 sanctificata,

306 1104 438 1143 Semper
462 1105 664 1137 venerabilis.
982 1104 1030 1137 Tu
1056 1113 1089 1136 es
1114 1104 1220 1135 lumen
1246 1103 1410 1137 luminum.

201 1181 232 1213 2.
260 1180 364 1221 Salve,
392 1180 519 1212 domina
541 1181 734 1224 angelorum,
881 1184 912 1214 5.
939 1181 998 1220 Qui
1023 1183 1055 1212 te
1080 1180 1246 1218 honorant,
1274 1180 1456 1222 honorabis,

263 1228 436 1260 Venustate
459 1226 558 1260 fluens
581 1237 713 1267 morum,
940 1229 1000 1268 Qui
1016 1230 1048 1259 te
1066 1229 1263 1268 exspectant,
1291 1228 1493 1269 exspectabis

261 1274 311 1306 Tu
339 1283 372 1306 es
395 1272 454 1306 flos
480 1278 662 1308 cuuctorum
686 1274 810 1317 florum,
938 1276 984 1308 Et
1006 1285 1027 1307 a
1049 1276 1133 1307 malo
1158 1274 1363 1308 conservabis

308 1321 356 1353 Tu
382 1330 414 1353 es
439 1324 577 1355 candens
601 1323 721 1363 lilium3
988 1323 1160 1355 Voluntate
1184 1323 1305 1365 libera3

259 1369 308 1400 Tu
334 1377 366 1400 es
390 1373 493 1402 mater
516 1379 735 1411 supernorum,
940 1370 1000 1409 Qui
1023 1373 1055 1402 te
1080 1372 1197 1410 amant,
1221 1371 1281 1402 hos
1306 1371 1429 1404 amabis

260 1416 336 1448 Sola
355 1425 428 1458 spes
452 1416 639 1450 inferiorum
938 1417 984 1450 Et
1007 1427 1027 1449 a
1050 1426 1154 1458 poena
1177 1417 1331 1450 liberabis

260 1463 305 1495 Es
330 1464 448 1496 virtute
472 1465 665 1508 meritorum,
939 1465 982 1497 Et
1007 1474 1139 1506 regnum
1164 1469 1328 1498 aeternum
1354 1466 1446 1499 dabis

307 1510 357 1542 Tu
381 1519 415 1542 es
438 1514 540 1544 mater
564 1513 713 1547 omnium.
985 1511 1152 1545 Potestate
1172 1513 1307 1549 tradita.

203 1588 235 1620 3.
260 1586 374 1627 Deum,
399 1596 491 1627 quem
516 1591 551 1619 tu
574 1589 721 1631 genuisti,
880 1592 912 1623 6.
938 1589 1012 1621 Iesu
1037 1589 1174 1627 Christe,
1199 1589 1240 1622 oh
1266 1589 1419 1622 honorem

262 1633 356 1665 Casta
379 1636 484 1666 mente
510 1636 692 1680 concepisti,
939 1636 1027 1669 Tuae
1051 1637 1162 1668 matris
1188 1639 1220 1668 et
1244 1646 1384 1670 amorem

260 1680 356 1712 Hunc
378 1684 509 1719 portare
533 1684 567 1713 tu
592 1682 681 1715 fuisti
940 1683 991 1716 Da
1014 1683 1106 1716 nobis
1134 1684 1366 1725 contritionem,

306 1726 411 1768 Digna
437 1731 469 1759 et
491 1738 555 1761 non
579 1729 651 1764 alia.
987 1730 1087 1763 Nobis
1111 1732 1344 1774 peccatoribuS‚

262 1774 310 1806 Tu
336 1783 368 1806 es
395 1783 468 1807 vere
491 1778 593 1809 mater
619 1777 746 1817 Christi,
936 1780 1013 1811 Post
1038 1779 1144 1811 cordis
1171 1780 1446 1820 compunctionem

264 1822 327 1854 Per
351 1822 433 1854 hunc
456 1824 609 1856 mundum
634 1826 810 1868 redemisti,
936 1826 980 1857 Et
1003 1827 1069 1858 oris
1094 1824 1326 1859 confessionem

262 1869 450 1909 Prophetias
472 1871 655 1915 implevisti,
937 1873 989 1905 Da
1012 1874 1104 1906 nobis
1130 1874 1361 1908 absolut-ionem

306 1917 385 1960 Ave,
411 1919 507 1958 plena
530 1921 644 1960 gratia,
984 1921 1036 1953 De
1059 1923 1201 1962 peccatis
1227 1924 1385 1958 omnibus.

539 1996 571 2028 7.
596 1996 644 2029 Te
667 2005 845 2037 precamur,
872 2006 889 2029 ο
912 1997 1029 2036 Maria,

596 2044 668 2076 Duc
691 2053 749 2076 nos
774 2046 830 2076 tua
848 2053 946 2085 prece
971 2047 1036 2087 pia,

598 2091 656 2132 Qui
682 2100 824 2123 erramus
848 2092 883 2124 in
907 2093 968 2125 hac
992 2093 1054 2135 via,

642 2139 695 2171 Ad
719 2142 850 2172 aeterna
873 2141 1009 2181 gaudia3

600 2187 702 2218 Amen
728 2187 838 2219 dicant
861 2188 977 2231 omnia,

603 2233 700 2275 Caeli,
726 2236 823 2275 terra,
849 2236 952 2268 maria

601 2279 695 2312 Nunc
719 2284 751 2312 et
775 2290 834 2322 per
857 2281 984 2315 infinita

653 2326 857 2361 Saeculorum
881 2331 1020 2363 saecula,

187 2449 213 2477 Ε
248 2411 345 2476 ΙΟὲῗίέ.
375 2420 427 2438 ms.
454 2411 570 2439 Domus
596 2411 699 2439 Novae
724 2412 812 2440 Lucis
841 2414 911 2440 anni
942 2411 1024 2441 1477.
1074 2414 1135 2443 eod
1164 2414 1353 2444 Ultraiectin.
1380 2418 1499 2455 Soriptt.

216 2457 248 2476 cc
261 2469 267 2474 .
327 2464 333 2473 ι
347 2469 353 2475 .
