1651 2700
755 134 990 171 —66—

672 236 719 267 45.
749 235 792 265 De
811 233 907 264 besta
927 231 1028 264 Maria
1048 231 1083 262 V.

236 318 265 351 1.
292 318 466 350 Benedicta

339 366 448 405 regina
472 364 637 404 virginum,

291 413 330 445 In
356 421 417 452 qua
438 412 507 443 sine

340 468 493 492 concursu
517 457 669 489 seminum

292 507 394 539 Homo
419 514 511 539 verus

339 552 378 586 fit
401 553 504 586 faetor
528 550 698 583 hominum.

916 314 946 346 2.
974 310 1069 349 Virgo
1095 308 1156 340 viri
1181 307 1298 350 nescia,

1020 357 1141 389 Parens
1169 363 1283 394 expers
1308 354 1407 395 paris,

972 405 1022 436 Tu
1045 403 1105 435 filii
1128 402 1205 444 filia,

1018 450 1104 483 Nata
1128 452 1253 490 patrem
1278 449 1377 492 paris,

972 498 1025 531 Ad
1051 497 1150 530 filium
1175 497 1306 537 praevia

1017 545 1089 577 Due
1113 554 1182 585 nos,
1208 545 1303 577 stella
1327 543 1434 576 maris.

544 628 576 660 3.
603 625 717 658 Cordis
741 632 841 663 amor,
867 623 933 654 oris
959 622 1079 654 clamor

600 673 740 704 Matrem
757 672 878 710 laudet2
903 679 963 712 per
988 679 1080 710 quam
1106 669 1224 710 gaudet

603 720 711 752 Omnis
734 719 828 751 homo
854 727 888 751 se
915 718 955 750 de
982 719 1074 750 domo

601 767 770 800 Servitutis
796 767 837 798 ad
862 765 974 798 salutis

649 814 771 847 Statum
797 816 992 847 renovatum.

230 893 263 925 4.
290 891 398 931 Stirpe
421 891 527 924 David
553 891 668 932 genita,

337 941 437 971 totum
462 948 521 980 me,
549 940 647 981 virgo,
674 939 733 970 tibi
760 939 811 978 do,

293 987 354 1018 Per
378 989 411 1018 te
434 987 477 1018 sit
503 986 621 1018 domita

338 1034 501 1066 dominans
526 1038 557 1065 in
584 1042 679 1065 carne
702 1033 813 1065 libido.

235 1112 265 1144 5.
291 1107 372 1149 Eva,
398 1118 513 1149 parens
538 1118 642 1150 saeva,

340 1157 476 1190 fundens
500 1159 533 1189 in
557 1157 648 1197 prole
671 1166 729 1189 sua
750 1166 820 1198 vae,

292 1205 378 1237 Illud
402 1214 460 1237 ave
484 1214 590 1248 suave,

339 1261 398 1293 per
423 1254 507 1293 quod
532 1252 726 1284 convertitur
749 1252 830 1285 Eva.

912 891 942 923 6.
970 886 1072 930 Virgo
1097 889 1213 931 Maria,
1239 898 1308 928 ave,

1017 937 1142 976 misero⁷
1169 946 1223 976 qul
1248 939 1280 968 te
1304 941 1396 977 rogat,
1417 946 1435 968 a
1454 945 1522 976 vae,

970 985 1144 1025 Orantique
1167 983 1250 1025 fave,

1016 1032 1070 1073 qui
1094 1032 1155 1064 tibi
1179 1032 1277 1064 mittit
1302 1040 1371 1064 ave.

912 1110 943 1142 7.
970 1106 1002 1142 A
1028 1117 1078 1139 me
1102 1108 1180 1140 tolle
1202 1117 1301 1149 grave

1017 1156 1143 1197 peceati
1166 1156 1292 1196 pondus
1318 1158 1351 1188 et
1374 1166 1394 1188 a
1417 1165 1478 1187 vae

971 1204 1034 1247 Illi,
1065 1204 1166 1244 virgo,
1194 1212 1280 1244 cave,

1019 1252 1073 1293 qui
1100 1251 1159 1283 tibi
1183 1251 1283 1283 mittit
1307 1260 1375 1284 ave.

300 1338 369 1365 Cod.
391 1338 520 1365 Duaeen.
548 1336 613 1365 355.
638 1337 688 1369 (ol.
708 1336 920 1371 Marehianen.)
945 1345 1020 1364 saec.
1049 1334 1092 1364 14.
1113 1350 1150 1354 —-
1173 1336 1217 1364 Ob
1237 1336 1446 1364 vorstehendes
1467 1337 1499 1365 ei
1510 1346 1530 1363 n

223 1375 461 1412 urspriingliehee
480 1376 576 1404 Ganze
605 1375 673 1403 orlei·
701 1376 737 1404 ob
762 1377 818 1403 mit
836 1375 894 1403 Sir.
917 1373 938 1402 4
963 1376 1012 1402 ein
1038 1374 1156 1402 zweites
1176 1374 1303 1402 Gedieht
1320 1376 1459 1411 beginnt,
1488 1384 1533 1402 er-

225 1414 338 1442 seheint
357 1414 539 1442 zweifelhaft.

679 1561 726 1592 46.
760 1561 803 1593 De
823 1561 919 1593 beata
938 1561 1039 1593 “daria
1058 1562 1093 1593 V.

239 1642 268 1675 1.
295 1640 450 1673 Bonitatie

343 1688 438 1720 totius
464 1687 589 1732 femina,

295 1735 413 1767 Sancta
438 1736 535 1777 virgo,

344 1783 502 1816 caelorum
528 1783 664 1824 domina,

298 1831 385 1870 Quae
408 1840 465 1863 nos
489 1834 645 1871 premunt,

346 1878 521 1911 dissolvens
547 1879 689 1918 erimina,

297 1925 417 1959 Nostra
444 1926 580 1959 clemens

345 1974 420 2006 audi
444 1975 637 2015 precamina.

240 2053 272 2084 2.
300 2050 325 2082 O
345 2050 456 2090 regina

346 2097 491 2130 caelestis
518 2099 632 2141 curiae,

296 2144 469 2186 Dignitatis

348 2196 381 2224 et
401 2192 617 2232 excellentiae,

299 2242 362 2275 Per
385 2243 418 2272 te
441 2240 543 2279 nobis,

347 2298 365 2320 ο
389 2291 491 2320 mater
511 2288 633 2329 veniae,

298 2336 490 2369 flammatur

345 2385 469 2424 pondus
495 2383 663 2423 nequitiae.

916 1643 947 1675 3.
975 1642 999 1674 Ο
1025 1644 1156 1674 aeterna

1023 1690 1108 1721 salus
1134 1688 1343 1728 credentium,

977 1736 1058 1769 Caro
1082 1738 1187 1769 nitens

1023 1785 1123 1825 magis
1148 1793 1243 1824 quam
1267 1784 1381 1826 lilium,

977 1832 1067 1864 Sicut
1090 1832 1170 1864 turis

1025 1882 1074 1912 est
1097 1879 1178 1912 odor
1203 1880 1349 1920 vestium,

978 1928 1020 1961 Os
1047 1927 1171 1960 dulcius

1024 1985 1118 2017 quam
1143 1974 1235 2009 favus
1260 1976 1412 2010 menium.

920 2054 953 2085 4.
977 2051 1013 2084 Si
1038 2061 1114 2092 gens
1140 2051 1241 2084 omnis

1024 2100 1057 2132 in
1082 2109 1179 2132 unum
1204 2101 1296 2131 coeat

977 2147 1105 2179 Laudes
1131 2145 1195 2178 fari

1025 2198 1161 2234 tuasque
1182 2194 1321 2233 studeat,

978 2242 1073 2274 Ferri
1097 2241 1230 2282 quisque

1026 2289 1054 2322 si
1077 2289 1217 2328 linguam
1242 2288 1368 2328 habeat,

977 2337 1147 2376 Nunquam
1172 2336 1267 2380 dicet,

1026 2387 1177 2425 qnantum
1202 2387 1359 2424 oporteat.
