1651 2700
666 104 903 140 ,19-

584 199 610 230 6.
644 199 687 229 De
706 199 803 231 beata
824 197 925 230 Maria
945 197 981 228 V.

141 271 171 304 1.
197 270 296 311 Audi,
327 271 465 303 clemens
491 274 523 302 et
546 270 693 311 benigna.

198 319 245 350 Te
266 321 453 358 precantum
479 321 554 351 vot-a
580 319 685 358 digna,

246 366 363 398 Preces
389 370 422 399 et
443 367 590 407 suspiria,

201 414 252 446 Ad
276 416 319 454 te,
345 414 410 455 pia,
435 414 642 455 suspiramus,

200 462 249 494 De
270 461 431 502 profundo
457 462 666 501 clamitamus,

249 509 297 541 De
322 511 413 549 gravi
437 510 575 542 miseria.

138 570 168 599 2.
198 567 294 609 Audi,
322 568 409 600 salus
433 570 562 599 nostrae
585 566 665 606 spei,

197 614 306 647 Mater
329 615 444 647 iudicis
471 618 503 646 et
523 615 581 655 rei,

244 662 310 694 Fer
334 662 426 695 nobis
452 662 613 703 auxilium,

199 710 301 750 Culpa
325 711 431 750 gravis
456 719 514 742 nos
540 709 709 750 depressit,

198 758 284 797 Quae
311 758 405 797 culpa
428 761 529 789 metas
556 756 703 792 excessit,

243 805 371 837 Exhibe
397 805 572 837 consilium.

140 865 171 897 3.
199 863 296 905 Audi,
323 862 419 905 mitis,
446 862 531 902 audi,
557 862 622 902 pia,

196 911 255 943 Tui
282 919 397 954 sumus,
425 920 443 942 o
466 910 581 951 Maria,

241 958 319 991 Filii
343 958 500 998 miseriae,

194 1006 292 1048 Audi,
317 1007 428 1038 nostra
452 1006 616 1044 advocata,

195 1054 234 1086 In
263 1057 435 1094 conspectu
459 1053 519 1086 Dei
544 1055 644 1094 grata,

245 1102 269 1134 Ο
296 1101 406 1142 regina
431 1102 561 1143 gloriae.

140 1161 173 1193 4.
200 1159 325 1192 Memor
351 1163 429 1201 esto,
455 1167 550 1199 quam
569 1156 751 1198 iucundum,

197 1208 297 1247 Quam
326 1216 473 1248 magnum
499 1213 654 1246 quamque
678 1214 752 1244 pro-

522 1252 656 1285 fundum

247 1302 325 1335 Fuit
349 1301 410 1334 hoc
436 1301 612 1340 consilium,

200 1349 333 1383 Gabriel
359 1349 432 1382 dum
454 1349 560 1389 inquit
582 1349 662 1387 Ave,

198 1398 283 1430 Dum
307 1406 367 1438 per
392 1397 523 1431 verbum
548 1396 608 1428 hoc
632 1404 729 1428 suave

247 1445 429 1485 Concepisti
453 1444 564 1477 filium.

135 1505 168 1537 5.
195 1502 284 1535 Audi
309 1505 452 1535 nostrum
479 1502 713 1539 detrimentum,

194 1552 296 1584 Posce
321 1550 413 1582 nobis
438 1550 668 1582 incrementum

242 1598 358 1632 Inclito
383 1598 575 1640 precamine,

193 1647 310 1679 Tutum
335 1647 487 1687 populum
513 1653 674 1688 conserva,

193 1695 279 1727 Cleri
307 1695 354 1726 tui
381 1704 451 1726 cum
477 1697 605 1726 caterva

242 1742 342 1775 Serva
367 1743 436 1775 sine
462 1742 602 1774 crimine.

135 1802 165 1835 6.
193 1800 311 1833 Hostes
337 1798 423 1841 fuga,
450 1800 537 1841 pelle
561 1802 689 1838 metum,

190 1848 293 1881 Differ
317 1848 434 1880 iudicis
462 1849 624 1881 decretum

237 1896 416 1936 Mortisque
436 1896 637 1939 sententiam,

188 1944 290 1978 Nobis
315 1943 440 1976 miseris
464 1944 598 1976 intende

190 1993 236 2026 Et
258 1992 412 2026 iudicium
438 1992 598 2032 suspende

236 2041 376 2080 Propter
400 2040 639 2082 paenitentiam.

850 270 880 301 7.
906 269 1031 301 Memor
1056 268 1110 305 sis,
1137 275 1229 307 quem
1255 266 1401 306 genuisti,

907 316 990 349 Dum
1016 315 1058 347 ad
1083 315 1236 355 templum
1264 314 1405 345 detulisti

953 363 1070 403 Magno
1097 362 1202 395 cordis
1224 362 1334 398 iubilo,

907 412 1031 445 Memor
1057 414 1123 442 esto
1149 409 1260 441 mortis
1287 408 1416 447 Christi,

908 460 990 492 Dum
1022 459 1215 498 pendentem
1241 457 1436 496 conspexisti

957 506 1065 539 Crucis
1089 507 1123 538 in
1147 504 1302 546 patibulo.

849 575 880 608 8.
906 575 1031 608 Memor
1056 576 1122 606 esto
1146 571 1340 611 resurgentis

905 623 949 655 Et
974 623 1007 654 in
1034 622 1154 653 caelum
1179 619 1381 652 ascendentis

954 667 1162 702 Multiformis
1188 667 1319 709 gratiae,

908 718 966 757 Qui
992 721 1024 749 te
1049 725 1175 757 semper
1199 714 1376 753 honoravit,

908 767 947 798 In
974 774 1085 797 aevum
1110 763 1296 797 laetificavit

956 812 1020 845 Sua
1046 813 1133 845 clara
1156 811 1248 844 facie.

849 883 880 914 9.
908 881 1011 921 Super
1034 880 1167 920 gloriam
1189 881 1380 917 sanctorum,

907 929 1009 970 Super
1035 928 1148 960 choros
1173 927 1356 967 angelorum

954 976 1001 1008 Te
1025 976 1121 1013 vexit,
1150 975 1349 1014 dignissimar

906 1025 1031 1058 Statum
1055 1032 1112 1055 nos
1138 1020 1333 1062 perfectioni:

904 1072 1003 1111 Doce,
1033 1080 1089 1103 vas
1115 1070 1287 1108 electionis,

954 1119 1141 1151 Sanctorum
1167 1116 1375 1149 sanctissima.

823 1188 880 1220 10.
906 1187 1006 1218 Posce
1030 1185 1122 1216 nobis
1146 1183 1243 1217 fidem
1267 1185 1388 1214 rectam

906 1234 1141 1273 Caritatemque
1167 1230 1352 1272 perfectam,

951 1281 1073 1313 Lumen
1098 1280 1285 1321 sapientiae,

906 1328 1058 1369 Corporis
1082 1328 1298 1368 integritatem

905 1376 1105 1418 Spiritusque
1129 1376 1311 1416 puritatem,

951 1424 1103 1456 Fructum
1128 1422 1351 1455 abstinentiae.

821 1492 875 1526 11.
903 1491 1062 1523 Virtutum
1086 1490 1256 1530 infusione,

903 1540 1112 1573 Carismatum
1137 1538 1301 1570 sanctione

949 1587 1049 1620 Omne
1075 1586 1149 1628 fuga
1175 1586 1295 1628 vitium,

900 1636 988 1668 Luce
1014 1634 1301 1675 contemplationis,

902 1683 1004 1716 Gustu
1030 1682 1254 1715 consolationis

946 1730 1074 1764 Exhibe
1098 1730 1260 1763 solacium.

818 1801 872 1833 12.
899 1800 1024 1833 Memor
1049 1800 1092 1831 sis
1117 1799 1348 1840 universorum,

900 1849 1052 1880 Vivorum
1078 1850 1110 1879 et
1133 1849 1339 1888 mortuorum,

946 1896 1058 1928 Totius
1084 1895 1248 1936 ecclesiae,

899 1945 1002 1977 Posce
1025 1943 1118 1976 nobis
1142 1942 1237 1976 finem
1264 1943 1387 1984 bonum,

898 1992 1033 2025 Addens
1059 1992 1220 2033 singulare
1247 1991 1362 2023 donum

945 2041 991 2074 Et
1015 2042 1089 2073 tuae
1113 2039 1326 2081 praesentiae.

473 2099 528 2133 13.
556 2098 652 2140 Audi,
680 2098 827 2140 clemens,
853 2099 938 2138 audi,
965 2099 1029 2140 pia,

555 2146 652 2190 Audi,
682 2146 784 2179 dulcis
809 2156 827 2179 o
853 2147 968 2186 Maria,

603 2195 681 2227 Post
704 2203 856 2234 praesens
882 2195 1027 2227 exsilium

556 2242 641 2276 Offer
665 2242 758 2276 nobis
784 2253 854 2276 cum
876 2243 992 2285 gaudio

553 2292 592 2324 In
618 2291 747 2324 caelesti
770 2292 913 2333 tripudio

601 2341 707 2373 Iesum
737 2342 824 2373 tuum
849 2339 960 2373 filium.

189 2418 278 2447 Scala
297 2417 372 2445 caeli
392 2426 468 2446 saec.
492 2415 536 2445 14.
558 2425 601 2444 ex.
644 2416 714 2444 Cod.
736 2417 859 2453 Pragen.
879 2415 955 2443 ΧΠΙ
974 2415 1001 2443 Ε
1022 2412 1049 2443 3.
