1651 2700
146 213 202 246 11.

148 425 202 457 12.

149 634 203 667 13.

149 844 204 876 14.

151 1054 203 1086 15.

148 1264 204 1296 16.

148 1465 202 1497 17.

145 1665 200 1697 18.

141 1867 198 1899 19.

141 2068 197 2102 20.

137 2270 193 2303 21.

658 119 917 154 —121—

228 213 396 256 Princeps,
412 215 465 255 qui
477 218 592 248 cuncta
598 215 760 256 providet,

229 262 268 294 In
294 261 402 294 clausa
428 267 523 303 porta
548 264 678 305 residet,

228 309 313 341 Dum
341 310 474 352 virginis
499 312 533 343 in
556 314 648 344 utero

229 356 292 389 Dei
315 358 449 390 verbum
475 359 652 393 considero.

229 424 329 463 Lapis
359 425 400 456 de
422 428 531 458 monte
556 426 723 467 scinditur,

228 471 273 504 Et
297 481 393 504 manu
417 482 508 505 mons
529 483 592 505 non
609 474 760 514 tangitur,

231 518 317 552 Dum
343 520 464 561 absque
491 521 550 554 viri
575 522 695 553 semine

233 566 379 600 Christus
404 569 517 608 prodit
544 569 584 600 de
609 570 741 610 virgine.

230 633 303 666 Hoc
327 637 510 667 testamenti
537 636 655 667 veteris

230 681 368 721 Figurat
392 692 468 715 arca
492 682 644 723 foederis,

232 729 323 768 Quod
348 731 455 762 verius
480 731 670 773 ostenditur,

230 776 317 809 Dum
341 787 457 809 manna
482 778 528 810 ibi
553 778 712 812 conditur.

233 843 364 877 Castum
388 844 514 877 Mariae
538 845 691 884 gremium

232 890 368 931 Figurat
395 893 518 932 grande
542 892 666 931 solium,

231 939 323 978 Quod
348 939 498 971 Salomon
524 948 563 970 ex
589 940 685 971 ebore

232 987 295 1020 Suo
319 986 461 1026 perfecit
485 991 639 1026 tempore.

229 1055 266 1086 In
294 1062 354 1093 quo
379 1056 489 1086 noster
515 1052 678 1097 pacificus,

232 1100 378 1135 Christus
403 1110 473 1143 rex,
499 1101 601 1142 patris
627 1102 748 1144 unicus,

229 1149 313 1181 Dum
342 1157 468 1180 carnem
495 1148 555 1181 sibi
582 1149 692 1189 sociat,

230 1196 298 1229 Nos
322 1195 392 1228 Deo
417 1196 613 1228 reconciliat.

231 1263 384 1303 Hesther,
411 1263 523 1304 regina
549 1262 688 1303 humilis,

230 1310 343 1344 Iudith
365 1311 486 1343 virtute
510 1310 635 1350 similis,

230 1359 314 1391 Dum
340 1358 448 1390 hostes
473 1357 535 1390 Dei
561 1361 741 1397 conterunt,

230 1406 356 1438 Mariae
377 1406 490 1438 laudes
515 1404 715 1446 praeferunt,

229 1462 311 1495 Nam
340 1463 448 1503 draco,
475 1464 556 1495 sicut
581 1463 708 1502 legitur,

228 1510 399 1543 Mulierem
425 1510 637 1552 persequitur,

227 1559 291 1591 Sed
318 1561 415 1598 caput
439 1559 505 1590 eius
531 1558 668 1589 conterit

228 1606 339 1650 Virgo,
367 1615 449 1646 quae
472 1606 575 1638 Deum
600 1606 738 1645 peperit.

226 1664 318 1697 Haec
344 1666 416 1695 sunt
442 1664 568 1696 Mariae
592 1663 720 1705 gaudia,

226 1711 318 1745 Haec
345 1711 476 1752 virginis
501 1711 682 1751 praeconia,

227 1761 324 1800 Quae,
352 1759 435 1791 sicut
459 1763 547 1791 terra
572 1759 686 1798 lilium,

227 1808 281 1840 Sic
306 1810 355 1839 est
380 1807 473 1839 enixa
496 1806 608 1840 filium.

222 1864 331 1898 Maria
355 1865 445 1905 virgo
471 1864 597 1903 nobilis,

225 1914 353 1946 Decora
378 1915 410 1944 et
434 1911 589 1954 amabilis,

223 1960 339 1999 Maria,
367 1960 457 2000 virgo
483 1959 581 2001 regia,

223 2008 321 2050 Regis
345 2010 449 2040 mater
474 2011 506 2039 et
528 2005 606 2040 filia.

222 2066 328 2100 Maria
359 2066 435 2098 solis
459 2065 582 2104 nuntia,

222 2114 299 2147 Veri
324 2113 507 2154 splendoris
533 2113 675 2154 praevia,

219 2164 349 2196 Aurora
372 2161 575 2195 innocentiae

219 2212 266 2244 Et
289 2219 413 2251 gemma
437 2209 623 2253 pudicitiae.

222 2269 340 2311 Maria,
366 2268 463 2300 stella
486 2267 604 2307 lucida,

219 2316 330 2350 Nubes
356 2317 436 2350 levis
465 2319 497 2349 et
522 2316 672 2356 candida,

217 2365 315 2399 Viam
338 2365 475 2407 praebet
499 2364 681 2398 errantibus

215 2415 261 2448 Et
284 2417 414 2457 portum
439 2413 716 2455 naufragantibus

832 217 888 250 22.

833 427 889 459 23.

913 216 1067 257 Magnum
1089 216 1216 248 Mariae
1238 218 1399 259 meritum,

916 264 1007 297 Omni
1033 265 1151 296 virtute
1174 265 1367 305 praeditum,

915 312 1032 352 Fulget
1055 312 1208 343 immenso
1232 312 1346 345 iubare

915 359 1008 392 Omni
1032 362 1154 391 remota
1180 368 1337 400 compare.

915 426 1053 458 Mariam
1078 427 1107 457 si
1131 427 1306 467 aspexeris,

853 498 856 501 .
915 473 971 505 Nil
996 474 1175 513 adaequare
1200 475 1321 513 poteris

839 636 897 668 24.

835 844 891 876 25.

835 1054 890 1085 26.

832 1262 888 1294 27.

834 1462 888 1494 28.

831 1662 885 1694 29.

827 1864 883 1896 30.

829 2064 884 2098 31.

827 2267 882 2301 32.

916 522 1023 561 Ipsius
1045 521 1223 562 privilegio,

918 569 1008 607 Quod
1033 569 1150 601 meruit
1173 569 1207 601 in
1231 568 1308 601 filio.

923 636 1030 667 Maria
1055 636 1176 668 cunetis
1203 637 1390 676 praeminet,

918 683 1004 721 Quae
1028 687 1113 716 totus
1138 684 1224 716 orbis
1250 685 1399 722 continet,

917 730 973 762 Nil
1000 731 1125 772 dignius
1147 740 1235 763 mens
1259 732 1383 772 reperit

916 777 1064 818 Excepto
1087 778 1158 820 hoc,
1185 779 1270 819 quod
1294 779 1430 821 peperit.

915 843 1022 876 Maria
1046 844 1114 876 sole
1139 845 1256 877 clarior

917 891 962 922 Et
986 892 1109 932 angelis
1134 893 1309 934 sublimior,

916 938 994 970 Flos
1020 940 1121 971 omnis
1145 940 1394 979 pulchritudinis

916 986 960 1017 Et
986 996 1102 1019 manna
1125 991 1173 1018 est
1201 987 1389 1020 dulcedinis.

916 1052 961 1084 Et
985 1053 1128 1093 quamvis
1153 1053 1200 1084 sic
1223 1055 1430 1093 praemineat,

916 1099 962 1132 Ut
986 1100 1131 1132 omnibus
1156 1100 1366 1142 praefulgeat,

915 1147 986 1179 Nec
1009 1151 1195 1188 peccatores
1224 1149 1361 1188 despicit

914 1195 984 1227 Nec
1008 1195 1207 1235 paenitentes
1233 1196 1340 1230 abicit.

913 1262 991 1301 1psa
1014 1263 1182 1294 thesaurus
1206 1263 1328 1302 gratiae

915 1309 961 1341 Et.
984 1308 1059 1341 fons
1083 1309 1334 1353 misericordiae,

916 1356 1064 1389 Solamen
1088 1357 1318 1397 paenitentium

913 1404 959 1436 Et
982 1408 1111 1437 nostrae
1135 1405 1205 1444 spei
1229 1405 1390 1445 gaudium.

916 1462 993 1501 Ipsa
1017 1462 1107 1501 virgo
1132 1465 1298 1505 perpetua,

914 1508 1068 1541 Caelestis
1094 1509 1178 1541 vitae
1201 1510 1306 1550 ianua,

915 1556 1046 1589 Caelum
1069 1556 1163 1588 nobis
1189 1558 1324 1597 aperuit,

911 1604 997 1636 Dum
1022 1612 1129 1645 regem
1155 1605 1234 1636 caeli
1259 1604 1377 1645 genuit.

912 1662 989 1702 Ipsa
1013 1662 1078 1694 suis
1103 1662 1303 1702 supplicibus

910 1709 955 1742 Et
979 1710 1032 1750 pie
1056 1718 1092 1742 se
1116 1710 1341 1749 quaerentibus

911 1757 984 1790 Non
1011 1758 1103 1790 deest
1123 1758 1156 1789 in
1183 1758 1300 1790 auxilio

909 1805 979 1837 Nec
1004 1805 1108 1838 deerit
1130 1805 1164 1837 in
1188 1807 1342 1846 praemio.

908 1863 961 1896 Ibi
985 1864 1096 1904 regina
1119 1863 1279 1903 virginum

910 1911 1030 1951 Regem
1054 1919 1164 1951 regum
1190 1915 1222 1944 et
1248 1912 1409 1944 dominum

910 1959 1066 1992 Ostendet
1089 1959 1121 1990 in
1147 1959 1272 1991 laetitia

909 2007 955 2039 Et
978 2005 1173 2048 sempiterna
1196 2007 1311 2047 gloria.

910 2064 1005 2096 Nunc
1029 2073 1103 2106 ergo
1131 2064 1240 2096 dicant
1264 2066 1390 2107 singuli,

910 2112 969 2152 Qui
993 2116 1068 2145 sunt
1091 2112 1217 2144 Mariae
1242 2114 1379 2147 servuli:

908 2161 989 2204 Ave,
1016 2162 1102 2193 salus
1128 2161 1304 2202 humilium,

908 2209 1048 2241 Nostrae
1072 2208 1184 2241 salutis
1210 2209 1366 2242 bravium.

909 2267 988 2308 Tua,
1015 2267 1116 2308 virgo,
1144 2267 1327 2307 praesentia

909 2314 1037 2348 Gaudet
1062 2314 1209 2347 caelestis
1236 2315 1334 2355 curia,

907 2363 957 2396 Tu
982 2371 1192 2404 supernorum
1218 2362 1335 2394 civium

910 2412 1036 2446 Corona
1061 2413 1093 2444 et
1117 2409 1306 2451 tripudium.
