1651 2700
168 1088 224 1120 10.

167 1613 200 1645 2.

676 155 933 192 —229-

352 249 454 283 Stella
476 252 586 292 maris,
614 255 725 286 contra
749 253 891 286 Sisaram
914 252 1098 295 perfulgida
1120 262 1277 295 pugnans,

347 297 428 331 Esto
452 297 518 331 fide
542 300 677 333 rutilans
703 301 807 334 almae
833 302 874 334 de
898 302 1018 334 semine
1041 300 1164 343 stellae,

350 345 455 378 Cursu
475 356 539 379 non
565 356 686 391 errans,
712 358 775 381 non
801 350 903 382 cauda
927 352 1032 382 tracta
1056 348 1213 389 draconis,

265 393 321 428 30.
347 394 485 427 Praevia
508 395 603 427 stella
627 396 739 436 magis,
765 405 857 429 sacer
882 399 915 429 et
940 398 1005 430 dux
1030 400 1126 438 atque
1153 396 1322 438 sacerdos3

346 440 455 474 Mater
479 442 569 483 virgo
594 443 659 484 pia,
684 443 777 475 nobis
800 453 960 486 succurre,
984 445 1101 478 Maria.

230 504 301 534 Cod.
321 505 486 534 Londinen.
507 508 579 544 Reg.
600 506 617 536 7
638 508 664 537 A
683 509 736 538 VI.
758 517 834 537 saec.
856 507 930 539 ¹4l15.
950 524 988 529 —
1010 508 1054 538 17.
1075 511 1174 538 nauta.
1192 523 1230 528 —
1251 506 1298 537 26.
1317 508 1433 537 Exstat.

596 599 658 632 185.
688 601 731 632 De
751 601 847 633 beata
866 601 967 633 Maria
985 602 1023 634 V.

248 659 350 699 Virgo
375 658 573 701 beatissima,

249 706 381 739 Piarum
405 707 560 750 piissima,

248 754 361 786 Dulcis
387 757 419 786 et
445 755 642 796 dulcissima,

249 802 440 842 Magnarum
465 804 672 842 permaxima,

215 874 223 882 .
249 850 357 882 Mater
382 850 608 894 amantissima,

247 896 457 929 Dominarum
484 897 621 938 domina,

248 944 331 977 Dele
355 947 466 977 nostra
493 945 635 988 crimina,

248 992 295 1024 Ut
311 994 437 1024 tuorum
461 992 591 1024 nomina

249 1039 321 1072 Sint
344 1039 379 1071 in
404 1040 490 1073 vitae
514 1041 641 1080 pagina.

250 1087 394 1119 Attende
417 1087 556 1127 suspiria

249 1135 304 1167 Ad
329 1137 362 1166 te
387 1135 592 1178 suspirantia,

250 1181 383 1222 Comple
408 1182 570 1214 desideria

250 1230 297 1261 Te
323 1230 544 1262 desiderantia

937 660 1186 695 Innumerabilia
1195 672 1203 701 3

855 710 910 743 15.
935 710 1013 742 Tuis
1038 708 1171 742 odibilia

936 757 1093 789 Vitiorum
1116 756 1197 788 retia

934 804 1092 844 Dirumpe
1116 804 1267 845 propitia,

934 851 981 884 Ut
1006 851 1086 884 caeli
1109 851 1231 891 palatia

934 899 1073 939 ingressi
1098 901 1132 930 te
1155 898 1288 938 praevia

901 971 910 979 .
938 946 1069 979 Calcata
1093 946 1244 985 superbia

933 994 978 1026 Et
1003 994 1069 1026 eius
1094 992 1229 1033 familia,

935 1041 1102 1081 Absorpta
1128 1041 1257 1072 miseria

935 1088 980 1120 Et
1002 1088 1087 1120 omni
1110 1088 1245 1127 penuria

937 1135 1014 1168 Cum
1040 1144 1162 1167 summa
1186 1135 1321 1167 victoria

855 1184 911 1216 25.
935 1183 973 1216 In
1000 1183 1130 1215 caelesti
1156 1184 1244 1214 curia

935 1231 1115 1271 Regnemus
1140 1230 1172 1261 in
1199 1230 1310 1271 gloria.

233 1294 303 1322 Cod.
323 1295 445 1323 Trecen.
466 1293 516 1331 (ol.
538 1293 746 1330 Claravallen.)
768 1293 850 1323 1612.
872 1303 947 1323 saec.
971 1295 1014 1324 15.

638 1386 697 1418 186.
729 1386 876 1418 Planctus
895 1387 984 1419 BMV.

511 1448 543 1481 1.
571 1447 669 1488 Virgo
695 1447 798 1480 dulcis
826 1457 844 1480 ο
869 1448 985 1489 Maria,

569 1495 619 1527 Tu
643 1495 794 1536 plorabas
820 1505 897 1528 voce
921 1496 977 1536 pia

614 1542 728 1575 Coram
755 1552 849 1575 cruce
872 1542 983 1578 filium.

225 1610 449 1651 Rumpebatur
473 1620 528 1643 cor
550 1610 677 1642 Mariae

224 1658 434 1699 Deplorantis
459 1658 554 1691 valde
579 1658 650 1698 pie:

272 1707 298 1740 O
323 1705 370 1739 fili
395 1706 587 1749 dulcissime,

226 1754 305 1787 Cum
330 1757 363 1786 te
389 1763 485 1788 cerno
510 1754 708 1793 morientem,

223 1802 294 1843 Ego
319 1803 421 1842 perdo
448 1811 503 1834 cor
528 1805 560 1834 et
583 1804 720 1833 mentem

272 1850 317 1882 Et
340 1852 409 1882 tota
436 1849 559 1884 deficio.

225 1907 251 1940 Ο
278 1906 426 1939 columba
449 1907 518 1939 sine
543 1905 629 1950 felle,

225 1956 354 1997 Vasque
381 1955 468 1987 dulci
492 1955 622 1995 plenum
647 1955 752 1996 melle,

271 2003 296 2036 Ο
321 2002 368 2035 fili
392 2003 547 2043 piissime,

222 2051 273 2083 Tu
296 2060 347 2083 me
373 2052 463 2085 vides
490 2051 675 2095 desolatam,

223 2099 416 2132 Semivivam
447 2099 609 2131 anxiatam

271 2147 316 2180 Et
339 2147 418 2179 mihi
442 2156 506 2179 non
530 2146 696 2188 loqueris?

225 2205 251 2239 Ο
278 2204 421 2248 Gabriel,
446 2205 528 2237 illud
556 2205 636 2246 Ave,

221 2253 326 2286 Dulce
349 2253 443 2285 nimis
470 2255 503 2285 et
527 2262 633 2297 suave,

273 2301 366 2334 Nunc
392 2301 448 2334 dat
472 2301 552 2333 mihi
577 2300 738 2345 gemitum,

221 2350 318 2383 Nunc
342 2352 513 2383 vertuntur
537 2350 570 2382 in
595 2358 773 2382 maerorem

220 2399 266 2432 Et
289 2399 324 2431 in
349 2399 470 2432 luctum
495 2400 528 2430 et
553 2398 697 2431 dolorem

267 2447 426 2480 Nuntiata
449 2447 578 2489 gaudia.

854 1612 885 1643 5.
911 1611 995 1643 Mihi
1018 1618 1154 1650 namque
1179 1612 1228 1642 est
1251 1610 1377 1642 ablatus

911 1658 956 1690 Et
979 1659 1013 1690 in
1039 1666 1133 1691 cruce
1158 1658 1371 1697 conclavatus,

959 1707 1020 1747 Qui
1043 1714 1094 1738 me
1118 1706 1224 1746 replet
1247 1706 1364 1747 gratia.

911 1754 936 1787 Ο
964 1763 1042 1786 crux
1067 1754 1143 1795 alta,
1171 1754 1211 1786 de
1234 1757 1267 1786 te
1292 1763 1417 1795 queror,

911 1802 994 1834 Mihi
1019 1801 1130 1843 nequis
1156 1810 1226 1833 esse
1250 1802 1352 1843 peior,

960 1850 984 1883 O
1012 1859 1090 1883 crux
1120 1849 1352 1889 crudelissima,

878 1933 884 1940 .
911 1907 1020 1939 Meum
1044 1909 1154 1940 natum
1179 1911 1214 1940 tu
1241 1907 1363 1949 cepisti,

912 1956 1021 1995 Ipsum
1046 1956 1080 1987 in
1104 1957 1138 1986 te
1163 1955 1368 1995 suspendisti,

960 2004 985 2036 Ο
1012 2012 1091 2036 crux
1115 2001 1325 2036 ferocissima.

910 2051 998 2092 Ergo
1022 2052 1137 2084 saltem
1161 2060 1245 2084 nunc
1269 2054 1302 2083 te
1326 2051 1430 2092 placa,

911 2099 1012 2138 Quam
1037 2107 1134 2132 exoro
1159 2107 1237 2131 voce
1261 2108 1369 2140 rauca,

959 2148 1091 2180 Reddas
1116 2146 1195 2178 mihi
1219 2146 1331 2189 filium,

853 2205 882 2238 7.
907 2205 952 2238 Et
975 2205 1003 2237 si
1027 2214 1091 2238 non
1116 2204 1165 2237 vis
1189 2208 1221 2236 te
1245 2205 1376 2245 placare

910 2253 1023 2294 Neque
1047 2255 1155 2286 natum
1181 2253 1259 2285 mihi
1286 2252 1373 2292 dare,

960 2301 1009 2333 Tu
1034 2310 1085 2334 me
1111 2309 1218 2333 secum
1244 2299 1370 2342 recipe;

910 2349 994 2382 Nam
1023 2349 1179 2389 consolor,
1206 2347 1233 2379 si
1257 2356 1309 2379 me
1335 2348 1433 2392 capis,

911 2397 946 2430 Si
970 2407 1022 2430 mc
1045 2397 1180 2440 spernis,
1207 2404 1259 2428 me
1282 2395 1436 2437 relinquis

959 2447 997 2479 In
1024 2446 1135 2479 dolore
1157 2443 1266 2478 nimio.
