1653 2701
257 260 311 294 65.
338 256 405 293 Vas
431 260 562 302 insigne,
593 261 651 294 tibi
676 262 770 302 digne

385 308 516 349 Semper
540 310 610 341 Ave
636 309 767 347 canitur,

337 355 416 396 Quia
438 356 513 389 solis
538 359 612 388 tuae
633 356 732 397 prolis

383 404 499 436 Poenis
523 411 626 443 poena
649 403 791 435 solvitur.

258 470 310 504 66.
338 468 465 514 Sancta,
491 473 585 509 casta,
612 472 647 501 tu
672 470 803 502 devasta

383 517 492 549 Hostis
517 516 773 554 fraudulentiam,

335 565 404 597 Lux
428 573 575 606 superna,
599 573 650 596 me
673 564 814 603 guberna

384 612 484 644 Tuam
508 620 568 652 per
593 611 799 643 clementiam.

253 678 306 711 67.
330 675 516 720 Fructuosa,
547 686 700 719 generosa

381 726 486 766 Virgo,
513 728 615 757 mater
636 725 774 766 Domini,

332 771 386 804 Me
410 780 493 804 nunc
516 775 615 805 totum
641 771 694 804 fac
711 773 856 806 devotum

378 819 445 851 Tuo
469 823 578 852 sancto
602 820 731 854 nomini.

250 886 304 918 68.
331 883 559 930 Reformatrix,
585 888 670 919 vitae
697 888 813 931 datriX,

376 932 443 965 Fac
466 943 516 966 me
541 935 588 967 sie
612 935 833 975 praesentibus

328 980 384 1013 Uti
409 981 511 1023 bonis,
537 985 573 1014 ut
596 992 661 1015 non
687 983 777 1016 donis

377 1028 489 1061 Priver
512 1031 736 1065 aeternalibus,

248 1094 301 1126 69.
329 1091 519 1138 Veritatem,
545 1098 715 1136 puritatem

376 1142 567 1184 Omnemque
589 1145 743 1177 iustitiam

327 1189 381 1222 Ad
396 1192 608 1229 quaerendam
622 1196 654 1224 et
661 1194 854 1233 implendam

375 1236 442 1269 Fac
466 1241 501 1270 ut
525 1248 651 1279 semper
674 1241 789 1276 sitiam.

246 1302 300 1334 70.
329 1301 454 1337 Cunctis
479 1304 562 1338 bona
585 1316 670 1339 nune
688 1311 845 1352 matrona,

374 1351 543 1384 Errantem
567 1363 618 1385 me
644 1356 775 1399 corrige,

327 1398 377 1431 Ad
403 1403 562 1433 rectorum
587 1402 649 1434 iter
672 1412 794 1436 morum

374 1445 508 1479 Gressus
534 1458 619 1481 meos
646 1451 757 1492 dirige.

246 1511 299 1544 71.
327 1510 539 1545 Terrenorum
563 1524 613 1547 me
637 1517 790 1551 bonorum

372 1560 477 1600 Purga
502 1562 660 1596 desiderio

326 1606 370 1638 Et
395 1616 449 1639 cor
476 1617 577 1641 meum
596 1610 649 1643 fac
666 1612 708 1644 sit
724 1614 852 1652 plenum

374 1653 517 1694 Spiritali
541 1659 666 1698 gaudio.

247 1720 264 1751 7
270 1720 300 1751 2.

384 1888 744 1903 .......

246 1929 300 1962 73.
327 1926 543 1971 sanctissima,
569 1934 723 1975 piissima,

374 1977 464 2010 Omni
489 1980 584 2018 plena
607 1984 710 2022 gratia

325 2025 368 2056 Et
393 2023 531 2058 formosa
554 2029 625 2068 plus
650 2039 743 2070 quam
767 2041 851 2073 rosa,

373 2072 489 2105 Confer
515 2075 597 2108 vitae
621 2078 734 2116 spatia.

245 2138 300 2170 74.
326 2135 423 2180 Vere,
450 2143 534 2179 nata„
560 2147 712 2175 coronata

373 2185 485 2219 Coram
510 2192 584 2221 nato
609 2192 731 2232 rutilaS,

323 2233 430 2266 Mater
453 2236 547 2279 laeta,
573 2237 641 2269 sine
666 2241 750 2271 meta

372 2281 465 2314 Nunc
487 2283 521 2314 in
546 2285 659 2317 throno
682 2287 806 2320 iubilas.

935 261 988 294 75.
1015 257 1237 293 Emendentur
1262 263 1294 292 et
1318 261 1482 292 salventur

1064 307 1132 340 Tuo
1157 315 1240 338 nune
1264 308 1432 350 iuvamine,

1015 355 1073 395 Qui
1098 354 1236 386 adorant
1260 357 1292 386 et
1316 354 1475 386 honorant

1061 401 1108 434 Te
1132 401 1327 441 psalmorum
1351 401 1502 434 carmine.

932 469 986 503 76.
1012 465 1114 505 Nunc,
1146 470 1301 509 matrona,
1327 468 1434 509 largas
1462 468 1544 500 (lona

1062 515 1154 556 Mihi,
1182 524 1310 556 quaeso,
1335 516 1496 557 lacrimas,

1015 562 1152 601 Quarum
1176 563 1263 595 unda
1287 564 1398 596 sordes
1425 563 1546 596 munda

1061 611 1268 643 Peccatorum
1292 611 1459 653 pessimas,

931 678 986 711 77.
1013 675 1233 718 Temporalem
1261 683 1293 710 et
1318 678 1480 711 carnalem

1061 726 1150 759 Pelle
1176 735 1283 758 curam
1311 727 1444 759 caelitus

1013 774 1075 805 Per
1096 782 1235 806 amorem
1262 778 1294 806 et
1314 773 1474 807 fervorem

1060 822 1144 854 Doni
1169 823 1272 854 sancti
1295 822 1438 862 spiritus.

931 889 984 921 78.
1011 885 1085 922 Rex
1110 890 1269 922 caelorum
1293 890 1478 930 angelorum

1059 936 1162 976 Super
1187 945 1310 969 omnem
1336 936 1481 970 ordinem

1011 984 1187 1026 Exaltavit,
1219 984 1388 1018 honoravit

1058 1033 1105 1065 Te
1132 1033 1278 1064 decoram
1305 1034 1471 1074 virginem.

916 1098 970 1132 79.
994 1095 1038 1131 In
1065 1100 1126 1132 hae
1150 1100 1227 1140 vita,
1253 1099 1316 1140 fac,
1342 1104 1380 1133 ut
1405 1101 1451 1133 ita

1059 1147 1179 1180 cuncto
1205 1148 1311 1180 vivam
1335 1151 1489 1191 tempore,

1011 1195 1056 1228 Ut
1079 1194 1171 1228 finita
1197 1196 1301 1228 caelos
1323 1197 1401 1229 trita

1056 1243 1179 1275 Possim
1203 1244 1256 1276 via
1280 1245 1445 1277 scandere.

925 1310 981 1342 80.
1008 1306 1059 1343 Sis
1084 1311 1249 1350 lapsorum
1273 1312 1454 1344 sauciorum

1054 1357 1211 1391 Salutaris
1236 1358 1370 1400 medica,

1006 1406 1093 1445 Quae
1117 1406 1151 1437 in
1176 1407 1291 1439 throno
1317 1408 1385 1439 nati
1411 1407 1493 1440 dono

1056 1453 1175 1487 Cantas
1202 1455 1282 1486 caeli
1309 1456 1443 1489 cantica.

924 1520 979 1553 81.
1007 1518 1058 1553 Tu
1081 1529 1205 1562 serena,
1231 1521 1302 1554 Deo
1325 1523 1433 1563 plena,

1053 1568 1129 1601 Noli
1153 1578 1204 1601 me
1231 1570 1389 1610 deserere,

1005 1615 1068 1648 Hic
1093 1616 1137 1648 sis
1162 1625 1286 1649 mecum
1303 1627 1418 1659 meque
1435 1622 1541 1652 tecum

1054 1664 1121 1696 Fac
1143 1665 1175 1696 in
1201 1673 1314 1698 aevum
1340 1667 1459 1702 vivere.

924 1730 978 1763 82.
1006 1726 1076 1763 Vas
1101 1731 1251 1775 damona
1279 1732 1352 1766 fons
1378 1734 1518 1774 honoris,

1053 1779 1102 1811 Tu
1124 1781 1295 1818 praecellis
1319 1781 1422 1821 gloria

1006 1826 1123 1858 Omnes
1147 1830 1253 1860 rectos
1279 1832 1312 1861 et
1337 1830 1456 1862 eleetos

1052 1874 1090 1906 In
1119 1876 1248 1907 caelesti
1275 1877 1374 1912 curia.

923 1941 979 1973 83.
1006 1938 1189 1981 Impetrare
1212 1946 1249 1975 tu
1275 1944 1408 1984 dignare

1051 1989 1144 2029 Mihi,
1171 1999 1296 2031 precor,
1324 1995 1440 2033 omnia,

1005 2035 1092 2075 Quae
1116 2038 1227 2079 petivi,
1253 2039 1316 2072 Dei
1340 2041 1407 2073 vivi

1052 2085 1159 2117 Mater
1183 2090 1279 2126 atque
1303 2086 1381 2123 filia.

923 2150 977 2182 84.
1003 2150 1166 2195 Trinitati,
1191 2153 1309 2186 unitati

1051 2199 1173 2231 Laudis
1199 2200 1242 2232 sit
1265 2205 1418 2237 memoria

1004 2245 1050 2278 Et
1071 2247 1207 2286 Mariae,
1232 2249 1330 2282 matri
1352 2252 1438 2294 piae,

1051 2292 1134 2326 Fine
1159 2303 1270 2328 carens
1295 2297 1406 2338 gloria.

305 2366 384 2395 Orat.
398 2376 451 2395 ms.
466 2368 495 2396 S.
510 2368 626 2397 Mariae
640 2370 677 2397 atl
692 2370 794 2399 Scotos
810 2376 879 2401 anni
897 2372 978 2403 1410.
1000 2376 1070 2404 Cod.
1082 2377 1193 2406 Scotor.
1205 2379 1372 2410 vindobon.
1383 2383 1421 2413 54
1432 2385 1452 2413 h
1463 2389 1490 2414 ὅ.
1501 2402 1538 2408 -’-

229 2403 255 2438 9,
278 2402 348 2433 lTe
367 2408 488 2434 mutasti
508 2416 601 2443 gegen
620 2408 672 2436 das
691 2409 892 2440 Acrostichon.
913 2427 950 2431 ——
970 2412 996 2448 3,
1011 2412 1154 2443 4Tamen
1175 2425 1251 2445 oras.
1274 2434 1311 2439 —
1333 2419 1377 2456 16,
1396 2422 1411 2450 1
1426 2424 1538 2462 Regem

230 2443 301 2471 dot-,e
321 2453 372 2480 per
392 2452 485 2478 quem.
507 2460 543 2464 —
564 2443 609 2480 53,
633 2445 647 2474 1
670 2450 699 2475 et
717 2447 802 2476 bona.

823 2463 860 2468 —
881 2448 927 2485 55,
948 2450 964 2478 1
986 2455 1014 2480 et
1033 2454 1152 2482 interni.
1172 2471 1209 2476 —
1229 2454 1277 2493 64,
1294 2456 1313 2487 3
1333 2462 1364 2487 et
1381 2461 1499 2492 furoris.
