1651 2700
251 301 305 335 59.

249 708 302 742 60.

245 1112 299 1145 61.

247 1518 301 1550 62.

245 1924 299 1955 63.

244 2332 299 2363 64.

332 301 414 342 Heu,
440 310 497 332 nos
518 300 652 332 mundus

379 351 475 381 vexat
499 348 654 386 continue,

332 396 383 428 Ab
410 396 531 435 eodem,

380 447 492 482 mater,
522 450 579 473 nos
605 449 689 482 erue,

331 490 376 522 Et
406 499 464 529 pro
488 489 580 520 nobis

379 546 472 569 orans
494 535 621 567 assidue

333 584 436 615 Vitam
461 583 551 614 nobis

378 634 538 662 aeternam
564 628 678 661 tribue.

331 706 431 739 Huius
455 705 565 736 mundi

377 751 465 784 fraus
491 754 523 783 et
546 752 668 784 malitia

329 800 396 831 Nos
423 800 616 838 compellunt

374 848 422 878 ire
446 855 505 886 per
531 847 632 886 devia,

327 894 444 933 Labor,
470 894 575 934 timor,

374 940 474 981 nefas,
501 941 639 981 miseria,

326 988 395 1020 Nec
418 989 573 1028 timemus,

377 1036 449 1067 dum
476 1038 511 1067 tu
535 1036 578 1067 sis
603 1035 742 1074 praevia.

326 1111 392 1143 Nos
418 1112 513 1142 etiam

375 1159 460 1190 servi
488 1157 671 1197 nequissimi

326 1205 389 1237 Hie
412 1206 558 1237 timemus

373 1252 412 1284 ab
438 1253 529 1284 hoste
552 1253 676 1292 perimi,

327 1299 390 1331 Sed
415 1302 456 1338 tu²
485 1308 602 1339 sponsa

376 1348 459 1387 regis
485 1347 639 1390 altissimi,

326 1394 397 1425 Non
423 1394 589 1433 permittas

373 1450 430 1472 nos
455 1444 578 1473 tantum
604 1442 749 1482 deprimi.

327 1516 365 1548 ln
389 1517 450 1547 hac
475 1517 542 1548 vita

373 1572 480 1595 omnes
506 1565 712 1595 communiter

325 1610 551 1651 Impugnamur

373 1657 413 1689 ab
437 1658 528 1689 hoste
552 1657 678 1690 fortiter

325 1704 369 1735 Et
391 1705 551 1736 interdum

374 1752 529 1783 vincimur
552 1755 697 1796 turpiter,

326 1797 390 1830 Sed
414 1799 486 1830 iuva
510 1808 568 1831 nos

373 1846 631 1881 misericorditer.

326 1921 384 1953 Pia
407 1925 518 1965 mater,

372 1969 496 2008 respice
518 1969 602 2001 filios

323 2017 413 2048 Inter
436 2017 542 2048 hostes

371 2068 547 2103 pugnantes
568 2065 693 2106 impios,

323 2110 485 2142 Irruentes

371 2158 493 2197 repelle
515 2159 638 2199 gladios

324 2204 369 2236 Et
399 2208 578 2237 sanctorum

373 2251 425 2284 fac
450 2261 519 2284 esse
542 2254 653 2287 socios

324 2328 420 2368 Ecce,
446 2331 557 2369 mater,

371 2376 477 2408 hostes
501 2376 643 2417 tartarei,

323 2424 521 2457 Prodeuntes

371 2472 411 2504 ab
437 2481 492 2504 ore
515 2472 614 2513 putei,

761 200 1018 237 -182—

930 514 984 547 65.

929 921 983 954 66.

927 1328 983 1360 67.

926 1735 981 1767 68.

923 2144 978 2176 69.

1013 297 1103 328 Viam
1130 296 1284 328 claudunt

1058 343 1150 383 regni
1173 343 1294 375 siderei

1012 391 1044 423 N
1046 399 1082 422 ec
1104 390 1296 430 permittunt

1060 446 1117 470 nos
1143 447 1267 470 sursum
1292 437 1437 478 provehi.

1011 513 1108 553 Virgo
1134 513 1235 545 dulcis

1059 563 1092 591 et
1114 569 1235 592 summe
1256 561 1397 601 sapiens,

1012 608 1144 639 Pietatis

1058 654 1128 687 fons
1156 654 1356 695 indeficiens,

1011 701 1118 735 Servis
1144 703 1206 734 tuis

1059 755 1125 782 esto
1152 750 1358 791 compatiens,

1010 797 1094 835 Quos
1118 796 1252 830 infestat

1057 845 1158 876 hostis
1187 846 1380 885 percutiens

1010 920 1059 952 Tu
1083 919 1174 952 fuisti

1057 966 1158 1000 funda
1183 976 1253 999 cum
1276 968 1396 1008 lapide,

1010 1016 1097 1055 Quae
1121 1016 1281 1055 percussit

1057 1062 1181 1094 Goliam
1205 1063 1322 1103 valide,

1009 1109 1054 1141 Et
1079 1119 1173 1150 nunc,
1199 1113 1311 1151 mater,

1056 1157 1177 1188 orando
1203 1156 1328 1189 fervide

1008 1204 1141 1236 Hostem
1166 1203 1243 1244 fuga

1057 1254 1089 1283 et
1112 1260 1222 1291 pacem
1248 1252 1393 1293 provide.

1009 1327 1125 1359 Preces
1151 1331 1225 1359 tuae

1055 1374 1147 1406 nobis
1172 1375 1372 1417 subveniant,

1006 1422 1064 1454 Pia
1087 1425 1199 1461 mater,

1056 1472 1088 1500 et
1115 1470 1162 1501 sic
1187 1470 1369 1502 custodiant

1005 1515 1096 1548 Hora
1118 1518 1239 1561 mortis,

1053 1567 1090 1595 ut
1111 1565 1219 1597 hostes
1242 1564 1376 1607 fugiant,

1006 1612 1051 1643 Et
1074 1621 1132 1643 nos
1158 1613 1237 1644 caeli

1054 1659 1138 1691 cives
1163 1660 1350 1699 suscipiant.

1007 1734 1075 1766 Nos
1099 1735 1248 1766 timentes

1054 1782 1154 1813 hostis
1180 1783 1326 1824 insidias,

1005 1828 1097 1861 Hora
1120 1830 1231 1862 mortis

1053 1878 1154 1917 magis
1184 1887 1278 1918 quam
1303 1878 1393 1917 alias,

1007 1923 1230 1964 Supplicamus
1372 1962 1375 1965 ,

1052 1981 1146 2013 nunc,
1173 1977 1250 2005 tunc
1272 1973 1443 2006 subvenias

1004 2019 1048 2051 Et
1071 2029 1130 2052 nos
1155 2030 1217 2060 ope

1051 2070 1108 2099 tua
1132 2069 1305 2103 custodiaS.

1003 2143 1130 2175 Mentes
1154 2147 1282 2177 nostras

1051 2192 1193 2231 peccatis
1223 2192 1350 2226 deditas

1003 2238 1143 2270 Multum
1165 2242 1267 2272 terret

1052 2287 1164 2318 mortis
1194 2287 1364 2331 acerbitas,

1005 2332 1070 2365 Sed
1093 2336 1137 2377 tu,
1165 2337 1277 2378 mater,

1053 2389 1133 2420 quae
1158 2383 1262 2415 caelos
1287 2383 1424 2424 habitas,

1005 2427 1082 2468 Fac,
1109 2431 1145 2460 ut
1168 2430 1260 2462 nobis

1052 2476 1146 2507 detur
1169 2478 1337 2512 securitas.
