1651 2700
756 169 1013 204 -166—

682 263 744 294 124.
771 263 816 293 De
836 260 931 291 beata
950 260 1051 291 Maria
1070 259 1106 291 V.

332 334 357 366 O
382 334 482 374 virgo,
506 333 658 374 splendor
680 332 809 373 gloriae,

332 381 538 414 Sanctificata
562 380 686 419 spiritu,

330 430 366 461 ln
392 437 529 461 caverna
552 426 709 458 maceriae

329 475 481 508 Columba
504 475 600 514 plena
623 473 751 513 gemitu,

271 524 302 556 5.
330 522 429 554 Nobis
453 520 593 561 Aegypti
618 520 704 551 exitu

326 569 474 608 Occurre,
499 569 595 608 plena
619 567 732 607 gratia,

324 616 369 648 Et
391 616 547 656 malignae
572 612 712 645 familiae

326 661 472 694 Defende
496 670 551 693 nos
578 670 597 692 a
624 659 763 703 fremitu,

326 710 362 741 In
387 710 541 740 iustorum
567 708 708 740 exercitu

242 757 296 790 10.
320 756 416 788 Dulci
441 754 584 787 fruamur
608 755 726 795 requie.

323 803 504 835 Gratiarum
530 802 701 834 monilibus

323 851 454 882 Ornaris
480 850 601 883 Christi
625 850 739 891 gratia,

322 898 476 930 Pretiosis
500 897 662 937 lapidibus

327 945 487 977 Virtutum
513 944 637 987 fulgens
662 946 775 986 gratia,

929 331 985 364 15.
1011 330 1061 362 Tu
1084 329 1182 370 plena
1206 329 1366 368 sapientia

1012 376 1205 416 Cunctisque
1230 375 1486 418 charismatibus,

1010 424 1079 456 Tua
1103 432 1198 455 serva
1222 424 1377 463 potentia,

1008 471 1060 503 Da
1083 471 1176 503 nobis
1202 479 1314 510 pacem
1337 470 1494 512 omnibus,

1009 518 1173 559 Virginum
1197 518 1392 558 primiceria..

973 592 980 599 .
1007 566 1057 598 Tu
1083 565 1278 605 sempiterno
1304 564 1436 597 foedere

1009 613 1147 645 Caelesti
1172 622 1289 654 sponso
1314 613 1466 657 iungeris,

1006 660 1075 692 Fac
1099 660 1191 692 nobis
1216 661 1302 692 hunc
1328 661 1521 702 dulcescere,

1008 708 1104 741 Cuius
1127 711 1161 739 tu
1187 711 1289 740 mater
1312 708 1464 749 crederis,

1005 756 1051 787 Et
1076 764 1145 787 cum
1171 756 1215 787 sis
1241 765 1316 788 arca
1340 755 1492 797 foederis,

973 829 980 836 .
1006 804 1172 836 Placatum
1196 803 1288 835 nobis
1313 801 1482 848 redde(re)

1006 851 1099 883 Illum
1127 851 1289 882 vindictae
1313 855 1467 892 tempore,

1007 898 1134 930 Meritis
1161 898 1249 930 cuius
1275 897 1403 933 frueriS.

1007 945 1145 978 Sucurre
1168 946 1260 978 nobis
1284 946 1411 978 miseris

661 1002 730 1034 Iam
753 1002 833 1034 lucis
859 1005 929 1033 orto
955 1003 1061 1035 sidere

579 1050 634 1082 30.
661 1049 707 1081 Et
732 1049 873 1090 digneris
898 1058 1048 1082 ocurrere

658 1096 760 1128 Nobis
785 1097 819 1129 in
846 1096 898 1129 die
922 1096 1055 1131 funeris.

303 1160 383 1188 Orat.
405 1170 456 1188 ms.
479 1161 649 1190 Thosanum
668 1170 744 1189 saec.
765 1160 811 1190 15.
852 1162 922 1190 Cod.
941 1163 1109 1192 Bruxellen.
1129 1161 1214 1192 4948.

671 1262 732 1293 125.
761 1262 804 1294 De
823 1262 920 1293 beata
938 1263 1039 1295 Maria
1059 1264 1096 1295 V.

238 1332 270 1365 1.
297 1331 322 1363 Ο
347 1331 499 1363 virtutum
524 1332 698 1372 speculum,

343 1378 466 1418 Regina
494 1379 664 1419 caelorum,

296 1425 417 1457 Christi
440 1427 688 1467 receptaculum,

345 1473 437 1505 Salus
463 1474 639 1513 anxiorum,

294 1520 410 1551 Tutum
434 1521 716 1561 propugnaculum,

345 1567 495 1600 Sanatrix
520 1569 753 1610 languidorum,

295 1614 382 1646 Audi
409 1615 667 1654 conquerentium

343 1662 460 1694 Preces
485 1661 685 1695 famulorum.

238 1720 268 1750 2.
295 1717 340 1749 Et
363 1727 422 1758 pro
447 1718 538 1750 nobis
563 1718 689 1750 miseris

341 1764 443 1796 Deum
471 1766 654 1807 deprecare,

297 1811 390 1855 Nam,
422 1812 577 1853 quidquid
601 1814 751 1857 volueris,

341 1860 437 1892 Vales
461 1861 644 1903 impetrare,

295 1906 422 1939 Summa
446 1917 502 1940 nos
527 1909 701 1942 necessitas

342 1954 432 1995 Cogit
457 1958 490 1987 te
514 1965 638 1997 rogare,

295 2001 377 2041 Quos
400 2003 434 2034 in
458 2001 557 2036 fluctu
581 2004 702 2043 positos

343 2049 478 2082 Saevum
502 2051 611 2090 pulsat
632 2061 730 2085 mare.

235 2108 266 2141 3.
292 2106 486 2145 Imperatrix
511 2107 658 2148 omnium,

337 2153 435 2193 Doce,
462 2154 538 2193 quid
563 2163 701 2196 agamus,

294 2200 353 2240 Qui
378 2200 436 2232 sub
461 2202 552 2240 gravi
577 2202 741 2235 criminum

337 2248 426 2280 Mole
452 2248 653 2290 desudamus,

291 2295 392 2328 Nobis
418 2303 545 2335 semper
568 2297 733 2335 praevium

339 2343 428 2381 Esto,
458 2351 499 2375 ne
524 2343 673 2376 cadamus

289 2393 334 2425 Et
358 2390 484 2423 declina
510 2390 645 2433 devium,

339 2438 392 2471 Sic
416 2447 575 2480 nunquam
600 2447 753 2473 erramus.

923 1336 953 1366 4.
979 1333 1050 1373 Eia,
1078 1334 1164 1366 mitis
1187 1338 1220 1366 et
1244 1335 1389 1377 benigna,

1029 1382 1139 1413 Nostri
1164 1383 1326 1427 miserere,

981 1428 1074 1460 Omni
1098 1429 1195 1461 laude
1218 1440 1351 1471 prorsus
1378 1431 1484 1472 digna,

1028 1476 1061 1508 Si
1087 1477 1144 1520 vis,
1170 1480 1262 1517 potes
1287 1487 1371 1523 vere,

978 1523 1172 1563 Reparatrix
1198 1528 1230 1556 et
1254 1527 1411 1558 salvatrix

1025 1571 1237 1612 Desperantis
1260 1574 1395 1615 animae,

978 1617 1152 1651 Irroratrix
1178 1623 1210 1651 et
1233 1621 1383 1661 largitrix

1026 1665 1188 1706 Spiritalis
1213 1669 1346 1708 gratiae.

944 1746 951 1754 .
977 1722 1060 1754 Nam
1085 1725 1223 1767 requiro,
1250 1727 1334 1765 quod
1361 1727 1499 1770 suspiro,

1023 1771 1100 1803 Mea
1116 1780 1194 1803 sana
1218 1773 1351 1806 vulnera

975 1817 1020 1849 Et
1049 1819 1091 1850 da
1114 1819 1213 1850 menti
1237 1823 1270 1851 te
1294 1823 1439 1861 poscenti

1025 1865 1208 1898 Gratiarum
1232 1877 1375 1912 munera,

975 1912 1021 1945 Ut
1044 1914 1103 1945 sim
1129 1918 1234 1947 castus
1260 1920 1293 1948 et
1315 1917 1492 1960 modestus,

1022 1961 1146 2001 Dulcis,
1171 1961 1277 2005 fortis,
1300 1965 1438 2004 sobriuS,

975 2007 1062 2048 Pius,
1090 2012 1206 2051 rectus,
1234 2012 1496 2053 circumspectus,

1023 2056 1196 2089 Simulatus
1221 2061 1358 2096 nescius.

940 2134 947 2142 .
974 2113 1156 2146 Timoratus
1182 2119 1214 2146 et
1238 2121 1369 2150 ornatus

1023 2161 1130 2194 Sacris
1155 2162 1324 2208 aedificiis,

972 2207 1128 2240 Eruditus
1155 2212 1186 2241 et
1210 2213 1350 2245 munitus

1020 2256 1147 2288 Divinis
1173 2257 1318 2301 eloquiis,

975 2302 1142 2346 Constans,
1174 2306 1282 2344 gravis
1308 2312 1341 2340 et
1364 2311 1482 2354 suavis,

1020 2350 1192 2391 Benignus‚
1220 2355 1376 2401 amabilis,

974 2396 1129 2440 Simplex,
1154 2408 1255 2438 purus
1281 2405 1314 2434 et
1336 2407 1492 2446 maturus,

1020 2445 1152 2477 Patiens
1177 2450 1210 2478 et
1233 2449 1373 2485 humilis,
