1651 2700
740 170 998 205 —212—

656 274 714 305 166.
742 273 785 304 De
803 271 901 304 beata
919 271 1018 303 Maria
1038 270 1074 303 V.

233 356 265 389 1.
292 355 428 395 stupent
451 356 548 394 leges,
574 355 682 385 tacent
704 353 786 393 iura,

286 403 376 442 Quod
402 401 555 433 factorem
581 402 735 439 creatura,

334 450 432 489 Virgo
456 447 559 480 Deum
583 446 700 489 genuit,

286 497 375 530 Iesse
397 496 488 536 virga
511 496 580 527 sine
603 502 685 537 rore,

286 543 468 576 inconsulto
491 543 560 574 sine
581 549 669 573 more

333 591 473 632 Florem,
499 588 636 621 fructum
660 588 804 630 protulit.

253 690 261 698 .
286 665 377 698 Haec
401 668 450 697 est
473 665 561 704 virgo
586 664 740 704 speciosa,

285 712 347 745 Est
368 713 449 744 haec
472 712 561 753 virgo
586 720 748 752 generosa,

332 759 500 798 sceptrum
524 759 608 799 regis
632 759 769 802 luminis,

285 807 375 840 Haec
401 810 449 839 θεῖ
473 805 595 839 fructus
620 806 705 839 vitae
728 806 834 847 latrix,

284 854 431 887 Paradisi
454 855 646 895 reparatrix,

332 901 501 942 Templum
525 902 626 941 patris
651 901 798 936 numinis.

253 1003 261 1011 .
287 977 377 1009 Haec
401 981 450 1009 θεῖ
474 976 563 1018 Sara,
590 986 671 1017 quae
694 977 836 1019 subrisit,

287 1025 418 1064 Quando
443 1025 530 1057 Deus
555 1026 616 1056 hoc
640 1025 803 1067 promisit:

331 1072 393 1113 En,
420 1072 552 1104 habebis
576 1071 694 1112 filium3

285 1118 376 1151 Haec
400 1122 449 1150 θεῖ
471 1120 540 1151 laus
563 1119 752 1159 prophetica

285 1166 330 1198 Et
353 1166 503 1206 Engaddi
528 1168 630 1207 vinea,

335 1212 422 1245 Caeli
444 1214 657 1247 luminarium.

253 1313 259 1319 .
285 1289 376 1320 Haec
397 1288 563 1321 Rebeccae
585 1292 616 1321 θῖ
640 1289 801 1333 Rachelis,

289 1336 436 1379 Thamar,
463 1337 573 1369 Iudith
598 1340 629 1368 θῖ
653 1337 749 1369 Iaelis

330 1383 436 1415 Decus
461 1386 511 1417 θεῖ
535 1387 567 1415 θῖ
588 1384 706 1425 gloria3

283 1430 373 1462 Haec
398 1433 446 1462 θεῖ
468 1429 584 1463 florens
609 1432 695 1463 vitae
714 1434 835 1473 portus,

283 1477 410 1518 Bonus,
436 1476 537 1518 favus,
565 1479 689 1511 clausus
714 1480 824 1511 hortus

330 1525 480 1565 Cellaque
504 1526 636 1559 vinaria.

252 1626 259 1633 .
285 1600 374 1631 Haec
400 1603 449 1631 est
467 1600 608 1632 Hesther
631 1602 711 1633 iram
737 1602 819 1642 regis

284 1648 429 1687 Plateam,
455 1647 545 1679 Raab
570 1648 656 1680 viros
679 1648 759 1689 legis

333 1693 465 1726 Salvans
489 1694 524 1726 in
548 1694 705 1735 funiculo3

285 1742 375 1773 Haec
399 1743 447 1772 θεῖ
470 1750 557 1782 aura,
584 1742 642 1783 sol,
668 1751 792 1785 aurora,

285 1788 387 1828 Luna,
414 1789 509 1820 stella
532 1798 625 1829 quam
651 1789 777 1830 decora,

334 1835 481 1867 Rutilans
508 1836 657 1871 diluculo,

252 1925 261 1934 .
288 1902 385 1943 Haec,
399 1911 492 1943 quam
506 1902 586 1934 vidit
596 1903 722 1946 Ioseph,
737 1905 836 1949 spica,

285 1948 409 1981 Novum
435 1948 534 1990 Segor
559 1950 643 1982 Loth
669 1954 700 1982 et
723 1952 791 1984 sica

332 1995 376 2027 Εῖ
399 1997 556 2037 serpentis
580 1999 713 2039 pertica,

286 2043 375 2075 Haec
406 2043 440 2075 in
464 2045 582 2084 templo
608 2049 658 2077 θεῖ
681 2047 836 2089 columna,

284 2091 372 2122 Arca
395 2090 464 2123 Noe
489 2094 521 2123 θῖ
545 2092 700 2135 columba,

335 2137 429 2170 Scala
452 2139 549 2171 Iacob
573 2141 721 2180 mystica.

254 2231 260 2238 .
287 2204 376 2236 Haec
401 2206 449 2236 θεῖ
465 2204 565 2237 nubes
581 2215 696 2239 manna
713 2209 837 2250 pluens,

287 2252 384 2284 Petra
408 2251 497 2292 large
521 2261 647 2293 semper
670 2253 780 2296 fluens,

332 2298 456 2332 Manna
478 2308 602 2332 vermes
627 2302 766 2343 pariens,

286 2346 377 2379 Haec
401 2349 450 2380 θεῖ
470 2355 557 2390 pera,
585 2350 677 2387 petra
700 2349 820 2392 David,

287 2395 373 2434 Quae
398 2393 523 2428 Goliam
547 2395 579 2428 vi
602 2398 778 2435 prostravit

335 2442 524 2476 Philistaeos
546 2444 739 2484 opprimens

933 352 964 385 8.

907 1034 962 1067 10.

910 1328 964 1361 11.

911 1621 967 1656 12.

908 1914 962 1948 13.

909 2211 964 2244 14.

988 350 1077 382 Ruth
1102 352 1150 382 θεῖ
1173 350 1236 381 ist-a
1260 349 1413 382 Moabitis

990 398 1034 430 Et
1059 397 1214 438 Susanna,
1242 406 1332 437 quae,
1358 400 1395 429 ut
1419 397 1519 437 scitis,

1037 446 1134 478 Lavit
1155 445 1190 476 in
1212 444 1374 485 pomeri03

992 494 1081 525 Haec
1096 491 1154 524 flos
1172 492 1286 535 campi,
1313 489 1409 523 flatus
1426 491 1520 531 roris,

990 540 1103 572 Nostri
1136 540 1252 571 ‘tollens
1276 540 1342 572 vim
1367 539 1522 572 maeroris

1038 587 1101 620 Suo
1122 587 1303 627 privilegio.

954 667 962 675 .
988 644 1078 677 Haec
1091 646 1140 676 θεῖ
1151 644 1282 684 nardus,
1295 642 1365 683 flos,
1378 652 1521 684 unguen-

1292 694 1372 732 tum,

990 739 1246 779 cinnamomum,
1272 739 1351 779 mel,
1377 738 1520 780 pigmen-

1290 790 1370 828 tum,

1035 834 1143 867 Mater
1167 835 1252 875 regis
1276 835 1415 875 gloriae3

986 883 1079 915 Haec
1103 884 1152 914 est
1175 882 1274 914 rubus
1300 881 1441 925 visionis,

987 930 1078 962 Haec
1102 929 1235 962 maxilla
1260 932 1309 961 θεῖ
1333 929 1496 962 Samsonis

1035 978 1153 1010 Rorem
1178 976 1314 1009 fundens
1339 977 1472 1018 gratiae.

989 1033 1150 1066 Gedeonis
1182 1034 1263 1066 haec
1287 1035 1337 1065 θεῖ
1358 1034 1473 1075 vellus,

988 1081 1089 1121 Quod,
1109 1082 1184 1113 dum
1196 1081 1282 1113 sicca
1293 1085 1402 1114 manet
1413 1082 1520 1123 tellus,

1035 1128 1164 1160 Maduit,
1183 1129 1216 1160 in
1243 1137 1333 1167 area3

989 1175 1080 1208 Haec
1105 1179 1154 1208 θεῖ
1180 1176 1415 1218 tympanistria,

988 1222 1097 1255 Arbor
1121 1223 1295 1256 aromatica

1037 1271 1156 1303 Nostra
1181 1271 1338 1303 mundans
1363 1271 1494 1304 scelera.

991 1327 1081 1360 Haec
1105 1331 1153 1359 est
1177 1328 1311 1361 thronus
1333 1327 1521 1368 Salomonis,

991 1375 1051 1408 Cui
1073 1376 1181 1407 nullus
1205 1385 1265 1416 par
1289 1376 1323 1407 in
1348 1376 1474 1409 thronis

1036 1422 1106 1454 Nec
1131 1423 1192 1455 erit
1215 1423 1249 1455 in
1274 1424 1411 1465 saecula,

987 1470 1080 1502 Haec
1102 1470 1157 1502 dat
1174 1469 1313 1502 fructum
1328 1471 1409 1512 ligni
1427 1471 1523 1512 vitae,

989 1517 1080 1550 Haeo
1105 1521 1154 1550 θεῖ
1177 1518 1299 1558 botruS,
1325 1528 1389 1551 uva
1412 1518 1488 1560 vite,

1037 1565 1144 1597 Mater
1169 1568 1200 1597 θῖ
1224 1565 1419 1606 virguncula.

995 1620 1131 1654 Gladius
1154 1623 1236 1654 haec
1257 1621 1433 1664 flammeus,

993 1668 1112 1701 Currus
1137 1672 1186 1701 θεῖ
1209 1673 1242 1701 θῖ
1264 1670 1376 1710 igneus

1039 1716 1201 1757 Pugioque
1224 1717 1380 1757 Phinees3

990 1762 1081 1795 Haec
1106 1767 1155 1795 θεῖ
1177 1764 1234 1796 illa
1259 1764 1441 1807 Thecuites,

992 1811 1075 1843 Arte
1098 1811 1177 1843 Ioab
1203 1813 1330 1845 solvens
1353 1812 1439 1854 lites,

1038 1858 1147 1898 Regno
1174 1860 1313 1892 reddens
1339 1860 1475 1894 exsules.

989 1914 1078 1947 Haeo
1103 1925 1265 1957 magorum
1292 1926 1402 1950 murra
1425 1919 1522 1957 clara,

993 1963 1083 1995 Haec
1105 1963 1229 1996 Tobiae
1249 1968 1352 2005 nupta
1378 1966 1475 2005 Sara,

1038 2010 1137 2049 Quam
1162 2013 1293 2052 angelus
1319 2017 1506 2058 curaveratz,

988 2056 1079 2090 Haec
1104 2062 1153 2090 θεῖ
1177 2061 1273 2092 Anna
1293 2060 1462 2102 Samuelis,

989 2105 1087 2144 Quem
1112 2109 1163 2139 ter
1182 2106 1268 2140 facta
1285 2117 1349 2141 vox
1366 2109 1407 2141 de
1425 2110 1522 2142 caelis

1038 2154 1114 2186 Heli
1138 2157 1222 2187 teste
1246 2156 1394 2192 advocat.

991 2210 1080 2243 Haec
1104 2215 1154 2244 θεῖ
1177 2211 1353 2246 Sumanitis
1377 2214 1474 2257 regis,

989 2257 1040 2291 De
1065 2269 1127 2300 qua
1149 2260 1184 2292 in
1209 2260 1378 2301 scriplruris
1401 2263 1493 2304 legiS,

1037 2307 1238 2340 Ministravit
1260 2308 1400 2350 Davidi3

990 2353 1514 2398 Haeces‘cproles,haecestmater

990 2401 1056 2434 Hic
1080 2407 1129 2434 est
1152 2406 1247 2436 natus
1273 2407 1306 2436 θῖ
1327 2404 1380 2437 hic
1403 2408 1510 2448 pater,

1037 2448 1121 2482 Fide
1147 2451 1242 2483 crede
1268 2452 1420 2493 simplici.

1517 2385 1525 2401 2
