1651 2700
732 181 775 186 —-
825 159 896 195 202
943 178 991 185 --

642 253 703 285 154.
732 252 774 283 De
793 251 889 283 beata
907 248 1008 282 Maria
1027 249 1063 281 V.

222 323 254 357 1.
282 324 385 365 Salve,
412 324 543 356 thronus
569 321 754 363 Salomonis,
900 322 931 353 3.
955 318 1024 351 Usu
1048 320 1161 359 partus
1187 317 1339 351 destituto

280 371 388 414 virgo,
415 370 515 404 vellus
542 369 709 411 Gedeonis‚
954 367 1110 400 Fructum
1135 363 1214 397 flore
1237 374 1300 397 non
1327 365 1430 397 soluto

324 418 431 458 Virgo,
458 419 560 449 mater
583 416 721 457 gratiae3
1001 414 1094 446 Parit
1116 413 1205 445 Iesse
1228 412 1365 453 virguia,

279 465 381 504 Salve,
408 466 494 497 cuius
519 464 633 495 nubem
658 462 762 495 nescit
954 461 1077 494 Fructu
1101 458 1159 492 fios
1184 469 1249 493 non
1275 457 1469 501 deflorescit,

274 512 384 552 Neque
408 514 502 553 partu
528 510 683 543 dediescit
952 507 997 541 Et
1021 511 1171 541 aeternae
1194 516 1259 540 non
1283 508 1454 540 marcescit

324 559 402 591 Dies
425 558 610 599 pudicitiae.
1002 556 1095 588 Veris
1119 564 1193 588 rosa
1217 555 1365 596 primula.

220 617 251 649 2.
276 616 455 648 increatum
479 622 531 645 res
556 615 673 654 creata,
895 614 927 646 4.
954 611 1059 653 Salve,
1085 613 1187 645 servis
1211 621 1286 654 spes
1311 615 1472 655 aeternae,

275 663 373 702 Virgo
396 661 509 699 Deum,
533 664 656 701 patrem
681 662 769 703 nata,
952 659 1129 693 Libertatis
1153 660 1210 692 iux
1234 669 1402 701 supernae,

322 709 454 740 Fontem
479 706 564 740 fudit
587 707 718 751 rivulus,
1001 707 1097 743 Lucis
1122 707 1273 748 ostiaria3

275 755 328 787 Sic
351 758 483 787 naturae
508 755 682 787 cancellato
953 754 1058 797 Salve,
1084 763 1144 794 per
1168 764 1262 796 quam
1287 755 1451 788 servitutis

274 803 380 834 Primo
401 803 471 834 iure
496 802 660 843 designato
953 802 1031 842 Iugo
1058 802 1161 835 fracto
1186 805 1261 835 sunt
1283 802 1396 836 salutis

320 851 404 883 vase
427 850 536 890 prodit
558 849 683 890 figulus
999 849 1160 882 Restituta
1184 851 1310 891 gaudia.

554 908 583 939 5.
609 906 674 938 Per
697 909 730 938 te
754 906 853 939 nubes
880 905 1083 948 denubescat‚

612 954 705 986 Vitae
728 953 828 986 nubes
855 956 1028 994 exarescat,

656 1002 783 1034 Primae
807 1001 903 1033 sortis
929 1001 1071 1042 lacrima,

611 1048 657 1080 Ut
680 1049 722 1081 ad
744 1057 883 1081 mensam
910 1049 1066 1081 trinitatis

610 1095 687 1127 Post
710 1093 899 1128 fermentum
925 1097 1095 1128 vetustatis

658 1143 865 1175 comedamus
891 1143 1002 1176 azima.

275 1208 355 1235 Orat.
384 1216 436 1235 ms.
467 1207 578 1235 Domus
603 1207 706 1236 Novae
730 1208 821 1236 Lucis
848 1209 919 1235 anni
947 1206 1029 1237 1477.
1076 1208 1146 1237 Cod.
1172 1209 1359 1237 Ultraiectin.
1387 1209 1507 1245 Scriptt.

196 1245 276 1273 Eccl.
298 1243 363 1273 375.
382 1260 421 1264 —
439 1245 597 1274 Vielleicht
616 1244 758 1282 Sequeuz.

636 1337 695 1368 155.
729 1337 772 1368 De
792 1337 886 1370 beata
906 1337 1008 1369 Maria.
1027 1338 1063 1369 V.

210 1407 240 1440 1.
268 1405 371 1449 Salve,
395 1406 484 1446 virgo
508 1405 688 1447 benedicta,
890 1409 921 1440 5.
948 1407 1069 1441 Hortus
1087 1408 1223 1449 clausus,
1241 1407 1312 1441 fons
1325 1410 1503 1451 hortorum,

266 1454 352 1493 Quae
376 1452 493 1493 fugasti
517 1453 696 1494 maledicta,
948 1455 1066 1488 Sordes
1089 1456 1200 1489 lavans
1223 1461 1440 1498 peccatorum,

317 1500 422 1542 Saive,
447 1503 549 1532 mater
573 1501 728 1546 altissimi,
994 1503 1181 1544 Inquinatos
1206 1504 1382 1545 purificans

316 1548 401 1589 Agni
425 1557 543 1588 sponsa
566 1547 734 1582 mitissimi.
992 1550 1038 1582 Et
1061 1554 1201 1584 mortuos
1228 1551 1402 1586 vivificans.

210 1607 242 1639 2.
268 1604 315 1636 Tu
341 1607 520 1643 serpentem
547 1604 679 1645 evicisti,

271 1651 367 1683 Cuius
393 1656 488 1690 caput
513 1651 699 1695 contrivisti,

317 1699 395 1731 Cum
419 1699 486 1729 nati
510 1707 569 1738 per
591 1697 758 1732 infantiam

887 1626 918 1658 6.
943 1625 1146 1658 Dominatrix
1171 1627 1366 1669 angelorum,

947 1672 1028 1713 Spes
1061 1676 1136 1715 post
1158 1674 1260 1706 Deum
1286 1676 1496 1717 saeculorum,

992 1720 1088 1760 Regis
1113 1722 1351 1754 reclinatorium

314 1745 427 1778 Hostis
451 1745 572 1785 frangis
596 1747 783 1786 potentiam.
993 1766 1039 1799 Et
1064 1768 1190 1801 deitatis
1214 1770 1340 1806 solium,

212 1804 243 1837 3.
269 1802 318 1833 Tu
342 1802 498 1833 caelorum
522 1802 721 1843 imperatrix,

268 1849 317 1881 Tu
340 1853 497 1881 terrarum
521 1850 712 1891 reparatrix,
888 1843 918 1875 7.
946 1842 1048 1875 Stella
1072 1843 1196 1884 falgens
1222 1845 1365 1885 orientis,

316 1896 369 1929 Ad
385 1905 477 1936 quam
490 1898 652 1937 suspirant
663 1898 815 1941 homines,
947 1890 1087 1924 Umbras
1111 1890 1225 1932 fugans
1250 1894 1437 1937 occidentis,

316 1944 414 1983 Quam
432 1953 565 1985 nequam
583 1948 723 1978 tremunt
740 1946 813 1979 dae-
992 1938 1120 1972 AUI'Ora
1143 1941 1220 1973 SORS
1244 1941 1378 1982 praevia

589 2001 710 2027 mones,
991 1985 1036 2017 Et
1061 1988 1130 2020 dies
1154 1987 1258 2020 noctis
1281 1989 1401 2024 nescia.

210 2050 242 2082 4.
269 2048 318 2079 Tu
343 2047 490 2092 fenestra,
518 2051 622 2090 porta,
649 2050 760 2090 vellus
888 2053 920 2085 8.
945 2053 1067 2085 Parens
1091 2054 1194 2085 nostri
1217 2057 1252 2085 tu
1276 2057 1420 2096 parentis

268 2095 362 2134 Aula,
390 2095 509 2135 domm,
528 2096 689 2141 templum,
710 2098 815 2140 tellus,
944 2100 990 2132 Et
1014 2101 1159 2140 genetrix
1184 2110 1242 2134 nos
1267 2103 1437 2146 gignentis,

316 2141 514 2182 virginitatis
539 2143 640 2175 lilium
993 2148 1052 2180 Pia
1076 2148 1188 2180 matris
1212 2147 1341 2193 fiducia,

314 2189 359 2221 Et
382 2198 457 2221 rosa
480 2198 539 2230 per
561 2192 759 2232 martyrium.
990 2195 1081 2227 Patri
1103 2205 1161 2228 nos
1186 2199 1369 2233 reconcilia.

572 2248 605 2280 9.
631 2248 705 2287 Ora,
731 2251 844 2290 mater,
869 2249 973 2282 Deum
997 2254 1117 2294 natum,

628 2294 779 2328 Nostrum
804 2298 907 2329 solvat
930 2301 967 2330 ut
990 2302 1113 2331 reatum

671 2342 716 2375 Et
738 2346 811 2383 post
838 2353 1019 2378 concessam
1043 2346 1168 2380 veniam

669 2389 734 2422 Det
757 2392 890 2431 gratiam
917 2395 949 2424 et
972 2393 1115 2434 gloriam.

267 2454 347 2483 Orat.
367 2461 421 2483 ms.
441 2455 564 2482 Maioris
585 2454 757 2483 Carthusiae
776 2464 852 2484 saec.
874 2454 947 2485 14115.
991 2458 1060 2487 Cod.
1081 2458 1348 2496 Gratianopolitan.
1370 2461 1435 2494 181.
