1651 2700
750 177 1009 213 —208—

540 278 570 311 8.
597 276 725 310 Summe
747 274 811 316 pia,
837 283 958 306 summe
981 282 1068 313 rogo,

596 323 645 358 Ut,
669 323 710 354 de
734 321 875 353 caritatis
900 329 988 362 rogo,

599 370 649 403 De
673 369 785 409 pelago
810 368 961 400 bonitatis

596 417 718 450 Intuitu
740 416 870 455 pietatis

595 463 678 496 Mihi
701 463 753 496 vel
777 472 872 495 unam
896 462 1068 495 scintillam

597 511 746 551 Porrigas
770 511 822 542 vel
845 520 940 542 unam
966 509 1095 542 stillam.

539 579 568 611 9.
594 577 702 610 Mater
724 576 795 615 Dei,
820 576 917 617 plena
940 575 1020 614 Deo,

591 624 669 663 Fac,
694 626 731 655 ut
754 623 841 655 Deus
866 624 915 655 ori
937 632 1007 655 meo

592 671 640 704 Te
665 671 811 711 dignetur
835 672 1035 712 praedicare,

593 719 634 751 Se
661 718 808 758 dignetur
831 718 999 758 honorare,

593 765 676 798 Nam
700 766 769 797 laus
794 767 906 798 matris
931 768 981 798 est
1003 767 1072 799 nati
1095 767 1196 807 gloria

591 814 696 845 Decus
720 814 789 845 nati
812 814 924 846 matris
948 814 1081 846 laetitia.

300 886 380 913 Orat.
409 896 461 915 ms.
493 887 732 916 Caelestinorum.
762 896 838 916 saec.
866 887 910 916 15.
956 888 1026 916 Ood.
1050 889 1177 916 Pal-isin.
1204 887 1312 916 18571.
1339 902 1376 906 —-
1402 888 1439 915 In
1461 888 1531 916 eod.

223 924 346 952 Parisin.
377 924 489 960 Arsen.)
506 924 571 954 903.
591 933 666 954 saec.
683 924 727 952 12.
742 926 785 953 als
798 926 908 962 Prolog
920 936 958 954 zu
972 927 1053 954 einer
1065 927 1183 963 grossen
1195 926 1529 963 Legendensammlung.

223 963 280 990 cfr.
305 962 360 989 Μ11
375 962 459 997 saria,
486 964 609 992 Studien
633 973 671 991 zu
697 964 753 991 den
781 964 930 992 Mittelalt.
968 965 1235 998 Marienlegenden.
1275 964 1475 1000 Sitzungsber.
1503 964 1531 991 d.

221 1000 296 1027 kals.
317 1000 411 1027 Akad.
437 1002 488 1029 der
503 1002 683 1030 Wissenseh.
704 1002 757 1029 Bd.
787 1000 849 1029 115.
876 1002 976 1037 (Wien
1002 1000 1091 1036 1888).
1113 1012 1140 1038 p.
1164 1001 1209 1030 69.
1249 1003 1293 1031 Ob
1314 1002 1367 1029 das
1388 1002 1464 1029 Lied
1482 1011 1531 1029 ur-

223 1038 392 1074 sprfinglich
424 1048 460 1066 zu
496 1040 547 1067 der
569 1039 892 1077 Legendensammlung
917 1040 1033 1077 gehort,
1068 1041 1143 1068 muss
1173 1040 1382 1076 dahingestell'c
1405 1040 1530 1068 bleibeu.

225 1075 387 1110 Rhythmik
406 1077 466 1104 und
485 1078 610 1105 Dikffion
629 1077 729 1105 beider
749 1086 868 1113 erregen
889 1079 945 1106 den
963 1078 1111 1105 Verdaeht
1130 1078 1181 1106 des
1201 1078 1377 1115 Gegenteils.

657 1235 717 1266 162.
748 1236 793 1267 De
811 1236 908 1267 beata
927 1235 1027 1268 Maria
1047 1236 1083 1267 V.

239 1319 269 1354 1.
297 1318 475 1359 Splendens
501 1321 607 1363 fulgur
917 1327 949 1358 4.
975 1324 1013 1356 In
1038 1325 1195 1364 supremis

345 1376 365 1398 a
388 1369 456 1400 sole
479 1370 629 1409 nascitur,

294 1414 384 1446 Haec
410 1415 483 1447 dum
508 1417 597 1457 virgo

341 1463 482 1502 parturit
505 1464 683 1503 Dominum,

296 1509 386 1540 Tune
409 1519 427 1541 a
448 1511 520 1544 luce

344 1565 437 1588 verus
462 1559 509 1590 sol
534 1559 646 1600 oritur,

297 1602 454 1636 Claudens
480 1606 514 1636 111
538 1615 573 1637 se

342 1651 480 1689 primum
502 1652 703 1693 principium.

239 1719 269 1749 2.
297 1716 383 1748 Ecce
403 1717 527 1760 mirum,

345 1762 449 1795 faetor
472 1765 677 1806 progreditur

295 1809 346 1841 De
369 1809 494 1843 factura

346 1858 424 1890 dans
449 1859 512 1891 reis
536 1860 710 1900 praemium

295 1904 340 1936 Et
363 1904 476 1946 figulus

345 1953 384 1984 de
408 1963 484 1985 vase
504 1955 630 1997 legitur,

295 1999 348 2031 Sic
371 2000 462 2032 nobis
487 2001 524 2033 fit

346 2047 474 2087 dignum
498 2050 675 2084 exennium.

713 1886 721 1904 7

239 2117 271 2149 3.
297 2113 379 2146 Nam
403 2116 514 2154 regina

343 2163 456 2202 potens
481 2164 662 2205 virtutibus,

296 2209 413 2241 Sancta
433 2212 516 2253 nata,

341 2256 493 2288 malorum
518 2259 656 2291 omnium

293 2304 339 2337 Et
362 2303 515 2345 sedatrix,

341 2352 413 2384 ulus
439 2352 654 2397 daemonibuS,

294 2401 340 2432 At
361 2399 478 2431 iubilus

342 2456 436 2480 verus
461 2447 622 2482 debfflum.

1021 1371 1124 1412 fulget
1148 1373 1312 1415 sedilibus,

973 1419 1069 1451 quta
1093 1423 1202 1451 natum

1021 1470 1110 1498 tenet
1132 1468 1311 1509 imperium,

976 1513 1183 1546 Gircumdata

1022 1562 1103 1593 rosis
1129 1565 1161 1593 et
1184 1561 1328 1602 fioribuS‚

973 1608 1018 1640 Et
1039 1609 1184 1648 possidet

1020 1665 1176 1688 summum
1201 1657 1365 1697 palatium.

939 1747 947 1755 .
973 1722 1077 1753 Adest,
1097 1731 1189 1754 sacro

1024 1766 1137 1813 [virgo]
1165 1770 1297 1811 collegio

973 1816 1171 1857 Angelorum

1021 1864 1120 1896 melos
1146 1865 1326 1898 canentium

972 1911 1018 1943 Et,
1043 1920 1114 1943 cum
1138 1921 1260 1945 summo

1022 1959 1170 1999 dulcique
1194 1961 1311 2000 gaudio

972 2006 1112 2038 Matrem
1142 2008 1253 2040 dicunt

1022 2055 1106 2095 regis
1132 2052 1357 2100 [laetantium].

941 2145 948 2153 .
975 2120 1098 2161 Corpus
1122 2122 1189 2154 eius

1023 2177 1061 2200 ex
1085 2170 1254 2211 privilegio

975 2217 1053 2250 Cum
1078 2217 1184 2249 anima

1020 2264 1090 2296 loco
1116 2265 1322 2305 gaudentium

975 2310 1164 2343 Gratulatur

1018 2359 1103 2391 laeto
1126 2360 1281 2405 tripudio,

976 2405 1168 2439 Caelestium

1022 2453 1126 2485 Deum
1149 2455 1359 2489 laudantium.
