1651 2700
661 124 921 160 —199—

304 216 418 250 Pande
438 219 514 263 tuis,
540 221 644 264 stella,
669 221 778 267 solem,
804 224 968 263 materque
992 223 1111 264 puella.

219 265 275 298 25.
303 266 399 298 Alma
423 276 541 307 parens
568 268 698 310 Christi,
726 279 807 310 quae
831 270 921 311 virgo
945 279 1075 304 manens
1101 270 1269 312 peperisti,

312 313 490 356 Deprecor,
517 317 644 358 exaudi,
670 325 743 350 mea
766 327 856 351 mens
883 327 964 358 quae
987 319 1142 362 postulat,
1169 319 1255 352 audi.

219 387 292 415 Olm.
307 389 461 417 Monacen.
482 388 533 426 (ol.
547 389 775 427 Emmeramen.)
796 390 903 421 14343.
925 395 995 421 anni
1018 391 1099 422 1351.
1120 408 1158 414 —
1179 392 1223 422 17.
1242 393 1329 421 male.
1342 408 1380 413 -—
1394 393 1452 421 Die

137 427 193 455 Hs.
214 425 267 454 hat
286 426 335 455 die
356 428 517 457 zweifellos
539 429 629 466 irrigo
648 429 826 458 Aufschrift:
847 431 902 469 „de
921 432 1010 460 beata
1027 432 1125 460 Maria
1145 429 1325 469 sequentia.“

595 540 650 572 151.
679 540 723 572 De
743 540 841 573 beata
859 541 960 573 Maria
979 543 1016 575 V.

142 619 174 653 1.
201 618 307 663 Salve,
333 619 428 652 stella
451 621 585 663 marina,
833 624 866 656 5.
891 623 982 655 Haec
1008 625 1065 661 est,
1091 633 1185 664 quam
1211 624 1451 657 conversamine

251 666 359 700 Maria
381 670 485 701 mater
509 668 590 710 lilio,
937 671 1165 711 Unusquisque
1188 674 1329 704 sectatur

202 713 290 747 Nata
313 715 423 748 lucens
448 717 556 749 vicina
893 718 956 750 Pro
982 727 1039 750 suo
1063 719 1307 759 mensuramine,

250 763 329 795 Polo
353 764 466 796 mundi
489 763 568 797 filio.
940 766 1007 805 Quo
1032 765 1102 798 Deo
1127 767 1294 800 limitatur.

143 821 174 855 2.
202 818 286 851 Nam
307 819 453 853 Christus
478 823 615 861 punctus
633 821 758 854 stabilis
833 823 864 854 6.
892 822 992 861 Quam
1018 824 1050 854 et
1073 832 1130 855 nos
1146 833 1206 864 per
1223 824 1283 856 hoc
1298 824 1445 857 manibus

248 867 311 899 Est
334 867 529 900 firmamenti
554 868 701 914 spherae,
939 869 1145 902 velificantes
1169 880 1259 903 mare

205 914 277 947 Hoc
302 918 352 947 est
375 915 644 948 incommutabilis
891 916 1044 957 Magnum
1067 918 1230 960 latumque
1256 919 1398 951 crebrius

249 962 292 994 El
318 966 350 995 et
374 965 522 995 aeternus
548 972 634 996 vere.
936 964 1097 997 Debemus
1121 966 1313 1008 inspectare,

145 1021 176 1054 3.
203 1018 305 1058 Quam
328 1019 430 1052 ambit
454 1019 679 1060 septistenium
834 1023 866 1054 7.
891 1020 943 1053 Ne
967 1021 1173 1062 subiugemur
1196 1021 1345 1055 fluctibus

251 1067 495 1106 splendentium
519 1071 712 1108 sanctorum,
942 1069 1113 1102 Undarum
1138 1069 1341 1111 turbulentis,

204 1114 407 1148 Universitas
433 1116 573 1147 omnium
892 1114 1079 1148 Devorandi
1104 1117 1274 1157 reptilibus

250 1162 322 1194 Hoc
347 1165 397 1194 est
420 1164 635 1195 uranicorum.
939 1164 1043 1196 Maris
1067 1173 1132 1196 non
1156 1164 1359 1205 quiescentis.

145 1221 178 1253 4.
205 1218 293 1252 Ursa
317 1219 420 1252 maior
444 1220 606 1261 videlicet,
838 1222 869 1255 8,
898 1220 981 1260 Quin
1005 1221 1112 1261 potius
1137 1224 1174 1253 ut
1197 1222 1318 1254 lumine

259 1268 378 1300 Cursus
405 1267 495 1299 denis
521 1268 667 1309 pluralis,
940 1268 1113 1301 Praeclaro
1138 1269 1324 1302 meritorum

207 1315 299 1354 Quod
323 1314 452 1347 milibus
477 1316 531 1347 hic
556 1316 696 1355 explicet
894 1315 1057 1356 Simulque
1083 1317 1300 1349 coruscamine

256 1361 420 1395 Infinitum
442 1372 506 1395 non
531 1363 617 1396 talis..
942 1363 1036 1395 Claro
1059 1363 1283 1405 suffragiorum

488 1422 519 1455 9.
546 1421 597 1453 Ac
622 1421 814 1461 exemplaris
840 1421 961 1454 semitis

594 1469 661 1501 Nos
686 1470 875 1502 introducat
898 1469 957 1511 sui,

547 1516 614 1556 Quo
637 1518 751 1557 portus
776 1526 858 1557 pace
881 1517 1026 1556 perpetis

592 1564 754 1596 Possimus
776 1566 850 1606 iuge
874 1563 950 1597 frui.

206 1629 288 1657 Orat.
307 1638 362 1657 ms.
376 1629 489 1657 Domus
504 1631 608 1659 Novae
620 1630 711 1658 Lucis
733 1632 804 1658 anni
827 1628 908 1659 1477.
946 1629 1015 1657 God.
1029 1628 1217 1657 Ultraiectin.
1233 1630 1350 1666 Scriptt.
1365 1630 1446 1658 Eccl.

128 1667 201 1706 3753
222 1668 371 1696 zweimal:
392 1667 443 1695 fol.
466 1666 531 1696 105.
551 1668 593 1703 A3
612 1668 664 1696 fol.
686 1666 750 1696 110.
771 1669 805 1697 B.
885 1666 911 1702 1,
930 1666 946 1695 1
960 1668 1044 1701 Vale,
1065 1668 1154 1696 stella
1174 1668 1208 1696 A.
1222 1683 1261 1687 —
1273 1667 1302 1704 4,
1322 1667 1340 1696 2
1353 1669 1447 1697 demis

127 1707 190 1736 AB.
211 1722 250 1727 —
268 1705 296 1742 4,
317 1704 335 1734 3
356 1705 395 1735 El
416 1706 535 1735 milibus
555 1706 588 1734 B.
610 1721 648 1726 —
668 1706 696 1743 7,
713 1705 732 1734 4
751 1716 811 1735 non
833 1708 1013 1745 quotatentis
1032 1706 1093 1735 AB.

480 1810 542 1842 152.
574 1809 682 1842 Oratio
702 1809 743 1841 ad
760 1810 889 1842 beatam
908 1808 1039 1841 Mariam
1059 1809 1095 1840 V.

324 1890 430 1932 Salve,
454 1891 549 1923 stella
573 1891 681 1934 maris,
709 1899 789 1931 quae
813 1891 883 1923 sola
907 1889 1014 1922 Maria
1039 1890 1175 1932 vocaris,

325 1939 424 1978 Virgo
449 1937 578 1980 regalis,
605 1939 709 1971 amica
733 1938 796 1970 Dei
821 1938 981 1980 specialis,

323 1988 425 2020 Ianua
449 1986 574 2029 salutiS,
600 1990 728 2019 nostrae
752 1987 854 2019 tutela
879 1986 1002 2026 salutis,

324 2035 423 2067 Porta
446 2035 502 2075 pia
528 2034 618 2077 caeli,
644 2037 793 2075 prompte
817 2042 970 2067 succurre
993 2032 1094 2066 fideli.

267 2085 299 2118 5.
325 2083 375 2115 Tu
399 2091 473 2123 spes
497 2083 673 2125 lapsorum,
698 2084 735 2115 tu
760 2081 942 2124 confugium
966 2082 1166 2124 miserorum,

323 2130 378 2164 Ad
403 2133 437 2162 te
460 2130 598 2172 suspiro,
624 2134 680 2164 tua
706 2130 799 2172 dona,
825 2131 931 2172 beata,
956 2129 1094 2171 requiro.

323 2180 374 2212 Tu
397 2188 450 2211 me
475 2177 628 2223 salvifica,
657 2179 779 2213 Christi
803 2178 954 2221 specialis
981 2177 1095 2219 amica,

324 2227 404 2260 Cum
428 2236 525 2268 prece
551 2227 669 2261 devota
692 2225 901 2260 famulantum
926 2227 1053 2267 suscipe
1077 2228 1161 2261 vota.

324 2276 350 2309 O
375 2276 562 2309 veneranda
585 2276 674 2317 satis,
700 2278 804 2309 mater
826 2283 967 2308 summae
989 2274 1131 2316 pietatis,

239 2325 295 2360 10.
322 2324 348 2358 O
374 2324 470 2358 radix
495 2325 594 2367 Iesse,
619 2323 672 2357 fac
695 2332 758 2365 me,
784 2332 912 2366 quaeso,
937 2332 1065 2365 precor,
1091 2331 1161 2355 esse

323 2373 410 2405 Ante
434 2375 523 2405 tuum
548 2375 668 2418 natum,
697 2373 910 2414 sanctissima,
936 2370 1036 2404 funde
1060 2373 1235 2413 precatum,

322 2421 369 2455 Ut
388 2431 440 2455 me
465 2423 651 2455 damnatum
675 2430 807 2455 revoces
834 2420 972 2455 delendo
996 2422 1130 2453 reatum.
