1651 2700
638 123 874 164 -37—

507 226 693 268 Benedicta,
719 227 870 271 pretiosa,

510 275 613 315 Super
636 284 743 307 omnes
769 276 918 316 gratiosa,

507 322 605 363 Virgo
630 324 718 355 Iesse
743 332 905 363 generosa,

507 370 649 402 Pulchra
675 371 769 402 nimis
796 374 827 402 et
851 370 998 410 formosa,

506 417 682 450 Humilium
705 418 881 458 mitissima,

511 465 697 497 Sublimium
724 466 888 509 altissima,

511 513 708 553 Simplicium
733 514 913 555 purissima,

509 562 719 593 Prudentium
745 561 929 594 doctissima

510 608 553 640 Et
579 609 717 640 omnium
738 608 931 649 beatissima,

511 655 561 687 Sis
586 656 664 687 mihi
686 664 741 688 reo
766 656 992 696 benignissima

508 703 692 744 Miseroque
716 703 870 746 piissima,

507 750 625 790 Egenti
651 751 845 791 dulcissima,

507 798 635 830 Petenti
659 798 849 839 gratissima,

506 845 702 886 Angelorum
726 846 925 886 imperatrix.

171 911 252 938 Orat.
272 919 326 939 ms.
345 912 479 939 Metense
501 919 576 939 saec.
600 910 645 940 15.
687 912 757 941 Cod.
780 912 889 940 Meten.
912 911 976 941 570.

553 1004 600 1034 22.
629 1004 673 1035 De
695 1004 788 1036 beata
806 1003 908 1035 Maria
928 1005 963 1035 V.

111 1074 141 1109 1.
169 1075 249 1116 Ave,
275 1078 379 1108 mater
404 1075 473 1106 sine
496 1074 580 1115 labe,
796 1076 826 1108 3.
854 1076 918 1107 Per
942 1079 974 1107 te
999 1076 1093 1114 enim,
1120 1084 1211 1115 quam
1230 1076 1408 1116 laudamus,

169 1122 322 1155 Nostrum
356 1123 455 1154 melos
481 1125 605 1163 gratum
630 1123 722 1166 habe,
854 1122 899 1155 Ut
921 1123 956 1154 in
980 1123 1052 1155 luce
1074 1131 1266 1164 maneamus,

218 1171 368 1210 Quamvis
393 1170 435 1201 sit
457 1170 641 1213 insipidum,
901 1171 939 1202 In
965 1180 1023 1211 spe
1046 1170 1115 1203 veri
1140 1171 1257 1212 gaudii,

169 1218 236 1250 Nos
261 1217 400 1251 informa
424 1217 512 1257 pacis
537 1218 619 1260 lege,
853 1218 958 1250 Datur
982 1219 1074 1251 nobis
1098 1227 1210 1250 munus
1236 1223 1370 1259 gratum,

169 1266 279 1298 Mores
304 1276 392 1307 orna,
418 1265 557 1305 linguam
582 1274 669 1308 rege,
855 1265 972 1298 Munus
997 1275 1073 1298 vere
1099 1266 1267 1298 delicatum

219 1313 281 1346 Cor
311 1313 453 1346 accende
476 1313 630 1353 tepidum.
903 1313 1013 1345 Divini
1039 1314 1183 1347 susurrii.

115 1372 147 1403 2.
175 1371 325 1410 Quamvis
350 1379 456 1403 sumus
482 1373 677 1413 peccatores,
798 1371 830 1404 4.
857 1370 905 1402 Tu
932 1379 964 1402 es
988 1371 1066 1403 lima
1091 1374 1293 1412 vetustatum,

171 1419 232 1450 Tui
257 1428 365 1452 sumus
390 1418 583 1460 laudatores,
856 1417 1021 1459 Seaturigo
1051 1419 1237 1460 novitatum,

222 1467 317 1500 Cuius
344 1466 437 1499 dulce
461 1466 611 1506 gremium
904 1466 997 1498 Oliva
1025 1467 1239 1507 pinguedinis,

169 1514 235 1546 Nos
262 1514 419 1555 astringit,
445 1523 503 1545 nos
532 1514 700 1554 demulcet,
856 1513 920 1544 Hic
945 1514 1076 1546 elimans
1100 1517 1226 1546 nostras
1251 1518 1384 1559 mentes,

172 1562 222 1594 Ne
247 1572 305 1594 nos
329 1562 456 1603 perdat,
482 1571 540 1593 nos
565 1562 729 1593 conculcet
857 1560 904 1593 Ut
936 1562 1147 1601 pinguescant
1169 1571 1232 1594 non
1258 1563 1410 1595 habentes

218 1610 321 1642 Fraus
346 1609 473 1642 subtilis
498 1609 645 1642 hostium.
906 1609 943 1641 In
969 1618 1004 1641 se
1027 1618 1163 1642 naevum
1189 1610 1338 1645 criminis

175 1675 255 1704 Orat.
285 1685 338 1704 ms.
365 1677 477 1704 Domus
503 1676 606 1703 Novae
631 1676 721 1703 Lucis
752 1675 822 1701 anni
854 1671 936 1701 1477.
984 1674 1052 1703 Cod.
1082 1674 1269 1703 Ultraiectin.
1295 1676 1413 1713 Scriptt.

96 1714 178 1742 Eccl.
199 1712 264 1742 375.
285 1729 323 1734 —
343 1713 368 1750 2,
390 1711 408 1741 5
428 1714 473 1742 Ne
491 1713 573 1741 fehlt.

553 1806 601 1838 23.
632 1806 675 1838 De
695 1806 790 1838 beata
807 1805 907 1837 Maria
924 1806 961 1838 V.

112 1881 143 1915 1.
170 1881 251 1921 Ave,
276 1882 378 1911 mater
404 1878 494 1911 verbi
518 1879 584 1919 pia,
797 1879 830 1911 4.
857 1876 953 1909 Unde
977 1886 1063 1918 rogo,
1089 1879 1191 1909 mater
1215 1886 1294 1910 mea.

172 1928 272 1969 Virgo
298 1927 410 1965 dulcis,
437 1935 456 1958 0
480 1926 597 1967 Maria,
855 1925 906 1956 Tu
939 1934 994 1957 cor
1018 1925 1170 1957 mundum
1193 1926 1228 1957 in
1252 1935 1304 1957 me
1326 1935 1410 1969 crea,

170 1976 326 2008 Mundum
352 1984 468 2008 ornans
492 1974 589 2008 verbo
615 1976 683 2016 tali,
857 1972 924 2004 Fac
947 1973 1067 2006 habere
1090 1971 1186 2005 fidem
1211 1977 1332 2006 rectam

174 2024 301 2057 Caelum
327 2022 406 2056 flore
430 2022 590 2063 virginali.
857 2020 1092 2062 caritatemque
1115 2020 1301 2061 perfectam.

111 2085 141 2117 2.
168 2082 255 2123 Ergo
280 2081 401 2122 triplex
426 2080 608 2113 hierarchia
797 2080 828 2112 5.
854 2078 966 2112 Laudo
992 2083 1138 2112 ventrem
1164 2080 1345 2120 gloriosum,

171 2130 267 2163 Suavi
292 2130 404 2163 laudat
427 2128 595 2160 harmonia
855 2127 914 2166 Qui
937 2128 1123 2160 thesaurum
1147 2128 1331 2171 pretiosum,

167 2178 262 2211 Miris
286 2181 320 2210 te
344 2177 522 2219 praelatam
549 2176 640 2209 donis
852 2175 1057 2208 Praeclarum
1083 2176 1266 2217 munimine,

168 2227 299 2260 Cunctis
324 2225 509 2267 angelorum
533 2225 666 2259 thronis.
852 2223 938 2256 Miro
965 2225 1079 2257 clausit
1104 2224 1227 2256 ordine.

111 2288 142 2320 3.
168 2285 283 2318 Laudo
312 2287 399 2317 tuum
427 2292 482 2316 cor
506 2284 674 2324 sincerum,
796 2283 826 2315 6.
851 2281 944 2314 Haec
967 2291 1018 2314 me
1040 2282 1136 2314 beata
1160 2281 1313 2321 pondera,

166 2334 256 2374 Quod
282 2333 408 2366 sincera
429 2331 495 2365 fide
519 2332 649 2372 plenum
854 2331 879 2364 Ο
905 2331 1050 2371 genetrix
1076 2328 1268 2372 christifera,

168 2382 325 2420 Credidit,
356 2383 418 2415 hoc
442 2389 537 2422 posse
561 2380 674 2424 Deum,
852 2379 920 2411 Fac
944 2388 1053 2411 amore
1078 2378 1189 2411 sedulo

166 2432 257 2473 Quod
284 2431 412 2464 excedit
433 2438 528 2462 nosse
551 2439 664 2464 meum.
851 2427 953 2460 Ferre
979 2427 1084 2460 cordis
1113 2425 1250 2459 vasculo,
