1651 2700
230 258 261 289 5.

232 552 263 584 6.

217 975 302 1002 beato
329 973 437 1010 gaudio
458 974 491 1001 B.
516 986 522 990 -
540 986 554 990 -

214 1012 247 1039 B.
270 1026 305 1030 —
327 1012 405 1040 Stati:
423 1010 480 1038 Str,
501 1009 518 1036 7
538 1009 591 1037 hat
610 1009 634 1036 B
657 1009 704 1037 die
723 1008 872 1044 folgende:

227 1440 285 1473 la.

229 1593 291 1626 22.

230 1745 291 1778 32.

235 1945 293 1978 4a.

234 2097 291 2130 5a.

233 2299 293 2331 62.

747 152 982 187 „gg-

289 256 409 297 Gaude,
434 254 511 288 felix
536 253 682 294 fecunda,

289 303 362 336 Tibi
386 313 449 335 non
474 304 523 334 est
546 301 685 334 secunda

336 351 412 385 Cum
437 350 567 390 pudoris
592 348 677 388 lili03

292 398 415 439 Gaude,
441 397 519 429 felix
543 400 575 428 et
597 395 725 432 munda,

290 446 401 480 Carnis
427 453 539 476 curans
563 441 726 475 immunda

336 491 498 527 castitatis
524 491 626 522 radio.

291 549 411 591 Gaude,
438 548 517 580 felix
542 545 667 585 femina,

291 597 380 629 Caeli
405 594 555 628 claudens
580 593 690 625 limina

336 643 465 676 Ventris
489 642 524 673 in
548 639 708 681 sacrari03

627 696 703 737 Ubi,
730 695 820 735 virgo
844 696 965 735 tenera,

910 402 942 434 7.

965 247 1087 286 Gaude,
1113 245 1192 277 felix
1218 244 1355 284 domina,

967 295 1064 328 Cuius
1091 293 1171 324 caeli
1197 291 1335 324 culmina

1013 342 1204 373 Flectuntur
1229 338 1374 379 imperio.

968 399 1090 440 Gaude,
1116 396 1205 439 felix,
1230 395 1331 428 ubera

968 446 1031 478 Per
1056 445 1216 478 caelorum
1239 451 1373 475 munera

1014 494 1116 526 Plena
1138 491 1296 534 praebens
1321 490 1406 530 filio;

970 540 1093 581 Gaude,
1117 539 1206 583 felix,
1234 539 1367 571 dextera

967 588 1030 620 Dei
1054 596 1151 628 super
1175 587 1284 619 sidera

1015 636 1137 668 Sedens
1161 636 1275 667 throno
1300 633 1399 674 regio,

625 744 746 784 Purget
769 745 879 774 nostra
903 741 1027 774 scelera
1084 732 1090 735 ⁸

675 791 745 823 Tua
768 789 966 824 intercessio.

293 859 372 887 Orat.
394 867 447 886 ms.
470 857 568 884 Carth.
589 856 821 885 Hildesheimen.
843 863 918 882 saec.
942 852 986 882 15.
1028 852 1097 882 Ood.
1117 853 1271 889 Iosephini
1291 852 1523 880 Hildesheimen.

218 918 230 926 2
255 895 291 933 6).
312 898 346 925 A.
364 911 405 915 -Ἰ
424 895 493 924 Coa.
509 894 715 923 Carolsruhan.
730 894 854 930 Augien.
874 890 921 920 36.
941 900 1018 921 saec.
1038 890 1114 921 “Aa
1127 892 1163 919 B.
1181 907 1218 912 —-
1241 890 1266 926 1,
1279 890 1299 919 4
1316 891 1422 926 regina
1435 891 1469 919 A.
1485 906 1524 910 —

215 935 241 970 4,
263 935 283 962 4
304 935 353 963 Sic
378 938 479 962 ventre
504 933 598 961 deit-as
617 933 652 960 A.
678 948 718 951 —
742 930 769 965 4,
791 930 808 959 5
830 931 903 959 Cum
923 939 1039 958 carnem
1061 931 1152 958 sumit
1170 931 1269 958 unitas
1290 931 1323 958 B.
1344 943 1382 947 —-
1401 928 1430 964 4,
1451 926 1467 955 6
1488 929 1524 956 In

295 1058 403 1092 Gaude,
423 1058 503 1092 felix,
524 1067 560 1085 ex
578 1065 659 1085 more

291 1097 401 1125 Divino
422 1097 510 1133 plena
527 1105 593 1124 rore

328 1135 429 1164 Ubera
447 1135 519 1162 dans
539 1133 618 1167 fili03

582 970 608 1004 5,
628 968 648 998 4
666 971 743 998 Nam
768 978 834 997 caro
860 971 911 996 tua
930 971 965 997 Α.
991 985 1029 988 -
1055 967 1082 1003 5,
1103 967 1120 996 5
1142 970 1225 996 curat
1243 968 1285 1003 A,
1308 967 1402 995 Carne
1423 975 1524 995 carens

973 1054 1084 1091 Gaude,
1104 1054 1184 1089 felix,
1204 1054 1317 1082 honore

974 1092 1083 1121 Sedens
1104 1101 1171 1120 cum
1190 1095 1321 1121 creatore

1012 1131 1049 1159 In
1068 1131 1144 1159 caeli
1164 1130 1284 1167 palatio,

669 1181 729 1210 Ubi
751 1180 861 1208 Christi
880 1180 999 1208 dulcore

666 1219 810 1246 Fruamur
830 1220 859 1246 et
878 1226 977 1246 amore

707 1257 792 1285 Dono
812 1259 863 1285 tuo
885 1258 976 1294 regio.

668 1369 715 1401 58.
746 1369 790 1400 De
808 1369 905 1401 beata
924 1367 1025 1400 Maria
1046 1369 1082 1400 V.

315 1439 436 1480 Gaude,
464 1447 587 1480 gemma
610 1438 777 1483 virginum,

312 1487 422 1520 Prima
445 1487 530 1519 salus
555 1487 727 1530 hominum,

360 1534 509 1567 Nondum
534 1538 610 1567 nata
627 1534 841 1575 consecraris3

318 1591 440 1631 Gaude,
465 1591 581 1633 Maria,
605 1591 736 1624 laetaris

313 1638 434 1679 Verbo,
459 1647 518 1678 per
539 1639 623 1679 quod
649 1638 842 1683 fecundaris,

365 1685 495 1718 Gabriel
521 1687 604 1726 quod
630 1687 747 1730 edidit,

318 1743 440 1782 Gaude,
465 1743 554 1783 virgo
578 1747 732 1776 venerata

319 1790 435 1823 Tribus
461 1791 571 1833 magis,
598 1791 732 1824 adorata

318 1838 434 1870 Tribus
461 1839 549 1871 donis
576 1842 608 1871 et
631 1840 787 1880 personis,

364 1886 448 1918 Nato
478 1886 729 1921 sollemnissima.

322 1943 443 1985 Gaude,
468 1943 578 1983 regina
604 1944 772 1987 caelorum,

317 1989 391 2022 Tibi
415 1993 509 2030 paret
530 1992 714 2032 angelorum

365 2037 617 2079 Cunctorumque
642 2040 785 2074 dominus

319 2094 439 2138 Gaude,
465 2095 581 2140 Maria,
608 2105 689 2136 quae
712 2100 830 2143 natum,

317 2143 421 2174 Iesum
445 2145 543 2183 tuum,
568 2145 664 2176 morti
691 2146 808 2187 datum,

319 2191 395 2223 Post
419 2192 552 2221 mortem
576 2190 784 2231 glorificatum

365 2237 496 2269 Partum
522 2238 579 2269 das
602 2239 753 2274 laetitiae.

321 2295 442 2335 Gaude,
461 2295 572 2326 mortis
589 2295 714 2328 calcans
728 2298 845 2332 statum

261 2385 270 2391 ‚
321 2343 408 2376 Caeli
432 2342 550 2375 transis
575 2342 617 2375 ad
641 2347 797 2386 ornatum,

322 2393 444 2431 Corpus
470 2398 582 2432 gerens
608 2392 798 2424 cumulatum

366 2438 566 2480 sempiterna
587 2438 698 2480 gloria.

911 1438 971 1474 1b.
998 1437 1120 1479 Gaude,
1147 1446 1228 1479 quac
1253 1438 1328 1471 dum
1352 1438 1504 1480 nasceriS‚

910 1592 968 1624 ab.

909 1744 968 1787 ab.

909 1945 967 1980 4b.

910 2098 967 2131 5b.

911 2298 970 2333 6b.

996 1486 1111 1518 Sancto
1137 1495 1210 1518 mox
1238 1486 1421 1527 depasceris

1044 1534 1175 1577 Spiritu,
1207 1543 1267 1574 quo
1293 1534 1504 1568 obumbraris.

996 1591 1119 1633 Gaude,
1145 1591 1261 1632 Maria,
1289 1600 1371 1632 quae
1395 1592 1484 1632 paris

993 1638 1123 1678 Filium,
1155 1649 1215 1680 quo
1241 1643 1276 1671 tu
1303 1640 1433 1681 crearis,

1043 1686 1165 1727 Quique
1189 1691 1303 1720 cuncta
1329 1688 1483 1722 condidit.

995 1743 1119 1785 Gaude,
1145 1745 1266 1786 templo
1291 1748 1499 1785 praesentata

993 1792 1187 1832 Dudumque
1213 1792 1406 1834 desiderata,

997 1839 1201 1874 consecraris
1226 1843 1258 1872 et
1284 1842 1416 1874 laetaris

1043 1888 1140 1920 Prole
1163 1889 1390 1921 sacratissima.

1000 1971 1423 1983 ........

1060 2019 1423 2028 .......

1060 2067 1426 2079 ιιιιιιι

996 2097 1118 2139 Gaude,
1145 2097 1225 2131 felix
1249 2100 1417 2144 advocata,

996 2145 1098 2178 Nobis
1123 2146 1247 2179 miseris
1270 2151 1397 2189 parata,

994 2194 1103 2226 Arrha
1126 2194 1211 2226 vitae
1234 2199 1426 2238 nuncupata,

1042 2241 1130 2274 Fons
1154 2241 1406 2279 misericordiae.

999 2297 1122 2337 Gaude,
1145 2299 1249 2331 caelos
1273 2303 1311 2332 ut
1332 2302 1471 2344 intrasti,

996 2345 1046 2378 Tu
1070 2345 1237 2385 Seraphim
1264 2348 1436 2391 decorasti,

997 2392 1046 2425 Tu
1071 2392 1243 2426 Cherubim
1266 2395 1448 2439 illustrasti,

1044 2440 1259 2482 supernorum
1285 2444 1424 2480 domina.
