1651 2700
647 152 690 158 -—
744 132 811 169 175
860 153 907 158 —-

556 224 618 257 132.
647 226 690 258 De
709 227 806 259 beata
826 224 926 258 Maria
946 226 981 257 V.

130 294 163 327 1.
186 293 292 339 Salve,
320 294 438 327 festum
464 296 570 329 cordis
595 298 669 337 mei,

188 341 213 374 O
238 342 354 386 Maria,
382 345 458 375 nata
483 343 554 383 Dei,

187 388 322 430 Sponsa,
348 394 462 431 mater,
490 391 648 433 diadema,

189 435 276 468 Cluis
302 440 336 469 tu
361 440 544 471 sanctorum
568 439 684 472 thema.

130 495 163 527 2.
194 493 285 526 Vitae
308 493 474 527 flosculum
500 505 581 536 quae
605 496 703 538 paris,

189 567 615 579 ........

191 589 284 622 Visus
311 590 418 632 decor,
443 600 505 623 vox
529 591 681 632 dulcoris,

188 636 303 671 Suavis
328 638 408 670 odor
432 640 559 671 amoris.

129 695 161 728 3.
188 694 238 726 Tu
264 695 432 727 thesaurus
458 696 611 728 trinitatis

184 741 229 774 Et
253 743 419 783 amplexus
442 743 594 784 lenitatis,

189 816 615 825 --------

184 836 278 870 Mens
315 838 408 870 ardet
433 837 496 870 iam
522 838 564 870 ad
589 837 742 871 osculum.

817 300 848 331 4.
875 297 983 329 Labra
1006 296 1124 338 pando,
1149 296 1207 327 sed
1231 295 1364 335 polluta,

876 345 965 385 Quod
992 343 1125 377 offendit
1147 343 1181 374 in
1206 352 1265 385 me,
1292 346 1390 385 muta,

874 393 917 425 Et
941 395 1076 432 utraque
1102 400 1139 423 ex
1164 390 1306 422 mamilla

875 440 976 472 Pasce
1000 439 1061 473 Dei
1085 448 1136 470 me
1160 439 1287 471 aneilla.

841 525 847 531 .
873 497 921 529 Tu
947 496 1135 536 consignans
1160 504 1211 526 me
1236 493 1382 537 defende,

874 544 928 587 Et,
957 552 1049 584 quam
1076 542 1177 575 duleis
1201 543 1257 582 sis,
1284 540 1426 581 ostende,

875 592 921 624 Ut
942 590 1082 623 adiutrix
1106 591 1139 623 in
1164 599 1266 631 agone

874 640 1058 672 Praemians
1083 639 1127 670 sis
1152 638 1318 671 arrabone.

842 722 849 729 .
876 697 947 728 Ave
972 697 1073 728 clamo
1099 695 1286 737 angelicum,

873 744 925 776 Da
942 743 1112 784 Christum,
1129 751 1244 783 panem
1262 742 1424 778 caelicum,

872 791 1039 823 Trinitatis
1069 789 1242 822 triclinium

874 839 1089 877 Nostrumque
1113 841 1147 869 tu
1173 837 1338 878 refugium.

187 911 268 939 Orat.
293 920 347 939 ms.
375 912 490 940 Domus
514 912 619 941 Novae
643 913 734 940 Lucis
762 913 833 940 anni
859 911 941 941 1477.
995 912 1064 941 God.
1093 913 1278 941 Ultraieetin.
1307 911 1426 947 Seriptt.

112 949 194 978 Eeel.
221 947 286 978 375.
313 964 350 968 —
380 949 411 984 1,
433 948 452 977 4
470 950 546 978 Eius
574 952 606 977 tu
631 953 807 978 sanctorum.
829 966 841 969 -

889 950 915 984 4,
937 950 956 978 4
975 952 1069 979 Pasce
1092 951 1150 978 Dei
1169 953 1263 978 mater
1283 949 1369 977 alma.
1389 962 1427 968 --

113 986 140 1022 6,
162 986 180 1015 2
201 988 282 1016 steht
301 988 378 1016 nach
397 986 424 1023 4,
444 987 473 1015 4.
495 1003 534 1007 —
554 987 580 1024 6,
601 986 619 1017 3
639 989 703 1017 Ave
722 989 875 1016 trinitatis.
896 1003 933 1008 -—
954 987 980 1022 6,
1001 987 1020 1016 4
1042 997 1052 1015 t
1078 991 1111 1016 tu.
1131 988 1283 1024 refugium-

556 1100 616 1132 133.
646 1101 689 1132 De
708 1100 805 1132 beata
826 1100 926 1132 Maria
948 1099 983 1131 V.

125 1171 156 1205 1.
182 1170 286 1215 Salve,
314 1171 426 1215 gaude,
455 1174 557 1204 mater
580 1172 675 1213 regis,

184 1218 261 1251 Cum
277 1227 338 1259 quo
352 1227 478 1260 regnas,
498 1228 567 1251 eum
582 1228 642 1259 quo
656 1219 739 1260 regis

227 1266 274 1298 Et
298 1266 442 1306 disponis
467 1266 583 1307 omnia,

181 1312 249 1345 Nos
274 1314 306 1346 in
333 1314 386 1346 via
409 1315 456 1346 ita
481 1322 566 1358 rege,

182 1361 229 1394 Ut
253 1370 388 1402 regnare
412 1371 482 1394 cum
507 1363 568 1395 hoc
592 1370 667 1403 rege

229 1409 392 1441 Possimus
416 1410 450 1441 iu
473 1409 590 1449 patria.

121 1468 153 1501 2.
179 1465 219 1499 In
243 1475 305 1506 qua
330 1466 436 1498 nullus
462 1468 575 1507 regnat
599 1465 723 1507 foedus,

180 1513 252 1546 Nee
276 1522 348 1546 eum
373 1513 470 1546 foedo
493 1514 580 1546 inest
603 1512 728 1554 foedus,

227 1561 297 1593 Nee
320 1564 435 1602 regnat
459 1561 590 1604 malitia,

180 1610 255 1643 Illic
280 1609 381 1641 solum
407 1612 543 1650 regnant
566 1608 678 1641 mundi

180 1657 260 1690 Cum
276 1657 348 1698 hoe,
373 1658 427 1698 qui
446 1660 494 1689 est
510 1657 597 1690 salus
613 1657 735 1698 mundi,

225 1706 287 1737 Dei
313 1704 481 1745 sapientia.

815 1173 845 1206 3.
874 1171 977 1212 Super
1002 1179 1109 1204 omnes
1135 1171 1269 1203 mundos
1294 1170 1425 1209 munda,

869 1220 977 1251 Mater
1001 1228 1147 1263 regnans,
1174 1220 1208 1249 tu
1229 1226 1287 1250 nos
1306 1217 1427 1250 munda

918 1266 968 1298 Ab
994 1266 1080 1299 omni
1104 1266 1261 1307 spurcitia

868 1314 914 1347 Et
938 1315 1107 1347 mundatos
1134 1322 1191 1346 nos
1218 1323 1236 1345 a
1261 1313 1378 1346 menda

867 1363 1075 1395 Peccatorum
1101 1364 1136 1393 tu
1162 1361 1348 1393 commenda

916 1409 1115 1442 Gubernanti
1139 1409 1253 1442 omnia.

832 1492 839 1499 .
866 1469 916 1499 Ao
947 1471 1021 1507 post
1044 1469 1180 1498 mortem
1205 1475 1263 1498 nos
1288 1465 1330 1497 ad
1355 1466 1428 1497 loca

871 1514 960 1547 Caeli
983 1514 1077 1546 trahe
1099 1522 1220 1553 nosque
1243 1514 1317 1545 loea

917 1562 994 1595 Cum
1020 1562 1138 1593 sanetis
1164 1561 1197 1592 111
1221 1560 1333 1601 gloria,

867 1610 935 1649 Qua
962 1610 1017 1641 det
1041 1608 1106 1640 frui
1132 1608 1193 1641 Dei
1220 1611 1313 1640 natus

868 1657 979 1697 Nobis,
1008 1657 1153 1691 Christus
1180 1664 1219 1688 ex
1243 1659 1276 1688 te
1300 1657 1393 1687 natus

914 1704 1047 1745 Sumpta
1075 1712 1171 1736 carne
1194 1704 1336 1745 propria.

183 1780 264 1808 Orat.
295 1789 348 1809 ms.
376 1782 490 1809 Domus
517 1782 620 1810 Novae
645 1780 736 1809 Lucis
767 1781 838 1809 anni
871 1778 952 1809 1477.
1000 1780 1069 1809 Cod.
1097 1780 1285 1808 Ultraieetin.
1306 1776 1426 1815 Seriptt.

103 1818 187 1847 Eeel.
207 1816 273 1847 375.

549 1921 612 1955 134.
642 1922 687 1954 De
707 1922 804 1954 beata
823 1921 925 1953 Maria
945 1921 980 1952 V.

176 1992 283 2035 Salve,
309 2001 375 2033 era,
399 1994 503 2026 mater
528 1992 616 2034 festi,

175 2040 288 2074 Naeva
312 2049 456 2082 rugaque
479 2041 606 2074 molesti

173 2091 312 2130 Insuper
336 2091 369 2121 et
392 2089 494 2122 omnis
519 2090 635 2122 maesti

172 2137 300 2179 Expers
326 2139 359 2169 et
380 2137 483 2170 omnis
507 2138 630 2182 incesti,

115 2188 145 2220 5.
174 2185 261 2219 Fons
289 2185 474 2218 salvaminis
498 2186 637 2228 scelesti,

173 2234 264 2267 Auro
292 2233 343 2266 eui
367 2234 440 2274 plus
467 2238 516 2266 est
541 2235 678 2276 honesti,

176 2281 319 2327 Gemma,
349 2284 464 2315 cuneta
489 2291 570 2323 quae
597 2283 735 2324 deplesti

171 2330 241 2364 Tuo
266 2330 377 2364 valore
401 2331 541 2375 caelesti,

171 2379 226 2413 Me
252 2380 312 2412 mis
337 2380 432 2413 naevi
455 2380 593 2421 gravant
617 2378 708 2421 gesti,

98 2428 154 2463 10.
168 2427 252 2461 Mihi
277 2437 365 2461 more
389 2428 579 2469 pet-agresti,

866 1993 922 2025 Me
948 1992 1023 2025 dum
1044 2001 1148 2024 mores
1166 1995 1274 2024 essent
1290 1991 1425 2032 quaesti,

866 2041 963 2073 Esset
987 2040 1060 2082 angi
1084 2043 1209 2081 tempus
1234 2040 1314 2072 resti

865 2089 910 2121 Et
933 2097 984 2121 me
1008 2088 1103 2122 subdi
1129 2088 1180 2121 eui
1203 2090 1288 2128 pesti

865 2137 1056 2178 Poenaeque
1081 2137 1182 2169 omnis
1207 2135 1319 2169 infesti

796 2185 849 2219 15.
865 2186 915 2217 Ac
939 2194 1002 2218 non
1026 2185 1166 2226 pectoris
1191 2184 1329 2217 modesti

864 2233 1002 2266 Poscere
1027 2233 1170 2266 favorem
1196 2233 1285 2275 cesti,

864 2283 1049 2323 Aspirando
1075 2290 1157 2322 quae
1183 2279 1312 2312 caelesti

862 2329 984 2362 Summi
1009 2330 1112 2371 patris
1138 2330 1247 2362 votum
1271 2327 1380 2369 plesti,

863 2378 930 2418 Quo
956 2378 1015 2410 mis
1043 2378 1140 2410 corde
1164 2374 1261 2408 fracti
1293 2394 1338 2399 —
1363 2395 1417 2406 —.

790 2427 846 2462 20.
861 2426 952 2467 Quod
977 2427 1025 2459 sic
1049 2426 1119 2458 sine
1143 2424 1256 2457 mundi
1280 2422 1356 2457 festi
