<?xml version="1.0" encoding="UTF-8"?>
<!DOCTYPE html PUBLIC "-//W3C//DTD XHTML 1.0 Transitional//EN"
    "http://www.w3.org/TR/xhtml1/DTD/xhtml1-transitional.dtd">
<html xmlns="http://www.w3.org/1999/xhtml" xml:lang="en" lang="en">
 <head>
  <title>
</title>
<meta http-equiv="Content-Type" content="text/html;charset=utf-8" />
  <meta name='ocr-system' content='tesseract 3.04.00' />
  <meta name='ocr-capabilities' content='ocr_page ocr_carea ocr_par ocr_line ocrx_word'/>
</head>
<body>
  <div class='ocr_page' id='page_1' title='image "./analectahymnica32drevuoft_00193.png"; bbox 0 0 1651 2700; ppageno 0'>
   <div class='ocr_carea' id='block_1_1' title="bbox 717 198 979 233">
    <p class='ocr_par' dir='ltr' id='par_1_1' title="bbox 717 198 979 233">
     <span class='ocr_line' id='line_1_1' title="bbox 717 198 979 233; baseline 0.004 -1"><span class='ocrx_word' id='word_1_1' title='bbox 717 198 979 233; x_wconf 37' lang='lat'>—1904</span> 
     </span>
    </p>
   </div>
   <div class='ocr_carea' id='block_1_2' title="bbox 207 293 806 437">
    <p class='ocr_par' dir='ltr' id='par_1_2' title="bbox 207 293 806 437">
     <span class='ocr_line' id='line_1_2' title="bbox 207 293 806 331; baseline -0.005 -7"><span class='ocrx_word' id='word_1_2' title='bbox 207 293 254 322; x_wconf 86' lang='grc'><strong>41-</strong></span> <span class='ocrx_word' id='word_1_3' title='bbox 276 295 327 324; x_wconf 85' lang='lat' dir='ltr'><strong>Sol</strong></span> <span class='ocrx_word' id='word_1_4' title='bbox 348 304 387 330; x_wconf 90' lang='lat' dir='ltr'><strong>es,</strong></span> <span class='ocrx_word' id='word_1_5' title='bbox 407 296 501 331; x_wconf 84' lang='lat' dir='ltr'><strong>virgo,</strong></span> <span class='ocrx_word' id='word_1_6' title='bbox 523 294 645 331; x_wconf 84' lang='lat' dir='ltr'><strong>eclipsin</strong></span> <span class='ocrx_word' id='word_1_7' title='bbox 664 295 806 327; x_wconf 76' lang='lat' dir='ltr'><strong>nesciens,</strong></span> 
     </span>
     <span class='ocr_line' id='line_1_3' title="bbox 272 332 758 369; baseline -0.004 -8"><span class='ocrx_word' id='word_1_8' title='bbox 272 332 324 361; x_wconf 82' lang='lat' dir='ltr'><strong>Sol</strong></span> <span class='ocrx_word' id='word_1_9' title='bbox 344 334 456 369; x_wconf 79' lang='lat' dir='ltr'><strong>peccati</strong></span> <span class='ocrx_word' id='word_1_10' title='bbox 475 333 568 360; x_wconf 86' lang='lat' dir='ltr'><strong>nubes</strong></span> <span class='ocrx_word' id='word_1_11' title='bbox 590 333 758 365; x_wconf 84' lang='lat' dir='ltr'><strong>demoliens,</strong></span> 
     </span>
     <span class='ocr_line' id='line_1_4' title="bbox 272 370 803 406; baseline -0.006 -7"><span class='ocrx_word' id='word_1_12' title='bbox 272 370 325 399; x_wconf 83' lang='lat' dir='ltr'><strong>Sol</strong></span> <span class='ocrx_word' id='word_1_13' title='bbox 343 372 380 399; x_wconf 80' lang='lat' dir='ltr'><strong>&lt;le</strong></span> <span class='ocrx_word' id='word_1_14' title='bbox 399 371 488 399; x_wconf 86' lang='lat' dir='ltr'><strong>caelis</strong></span> <span class='ocrx_word' id='word_1_15' title='bbox 508 373 615 398; x_wconf 84' lang='lat' dir='ltr'><strong>terram</strong></span> <span class='ocrx_word' id='word_1_16' title='bbox 635 371 803 406; x_wconf 78' lang='lat' dir='ltr'><strong>respiciens,</strong></span> 
     </span>
     <span class='ocr_line' id='line_1_5' title="bbox 272 408 759 437; baseline -0.006 0"><span class='ocrx_word' id='word_1_17' title='bbox 272 408 323 437; x_wconf 81' lang='lat' dir='ltr'><strong>Sol</strong></span> <span class='ocrx_word' id='word_1_18' title='bbox 343 409 379 437; x_wconf 80' lang='lat' dir='ltr'><strong>de</strong></span> <span class='ocrx_word' id='word_1_19' title='bbox 399 409 489 436; x_wconf 86' lang='lat' dir='ltr'><strong>caelis</strong></span> <span class='ocrx_word' id='word_1_20' title='bbox 508 410 540 436; x_wconf 96' lang='grc'><strong>111</strong></span> <span class='ocrx_word' id='word_1_21' title='bbox 559 410 638 436; x_wconf 84' lang='lat' dir='ltr'><strong>terra</strong></span> <span class='ocrx_word' id='word_1_22' title='bbox 655 409 759 435; x_wconf 87' lang='lat' dir='ltr'><strong>oriens.</strong></span> 
     </span>
    </p>
   </div>
   <div class='ocr_carea' id='block_1_3' title="bbox 206 463 817 615">
    <p class='ocr_par' dir='ltr' id='par_1_3' title="bbox 206 463 817 615">
     <span class='ocr_line' id='line_1_6' title="bbox 206 463 747 501; baseline -0.002 -9"><span class='ocrx_word' id='word_1_23' title='bbox 206 463 252 493; x_wconf 81' lang='lat'><strong>42.</strong></span> <span class='ocrx_word' id='word_1_24' title='bbox 272 466 339 494; x_wconf 84' lang='lat' dir='ltr'><strong>Lux</strong></span> <span class='ocrx_word' id='word_1_25' title='bbox 358 474 469 501; x_wconf 86' lang='lat' dir='ltr'><strong>serena,</strong></span> <span class='ocrx_word' id='word_1_26' title='bbox 490 473 596 493; x_wconf 90' lang='lat' dir='ltr'><strong>aurora</strong></span> <span class='ocrx_word' id='word_1_27' title='bbox 615 464 747 498; x_wconf 79' lang='lat' dir='ltr'><strong>rutilans,</strong></span> 
     </span>
     <span class='ocr_line' id='line_1_7' title="bbox 273 502 793 535; baseline -0.008 -3"><span class='ocrx_word' id='word_1_28' title='bbox 273 503 462 532; x_wconf 83' lang='lat' dir='ltr'><strong>Peccatorum</strong></span> <span class='ocrx_word' id='word_1_29' title='bbox 480 503 614 530; x_wconf 80' lang='lat' dir='ltr'>tenebras</span> <span class='ocrx_word' id='word_1_30' title='bbox 636 502 793 535; x_wconf 84' lang='lat' dir='ltr'><strong>ventilans,</strong></span> 
     </span>
     <span class='ocr_line' id='line_1_8' title="bbox 271 540 817 575; baseline -0.004 -6"><span class='ocrx_word' id='word_1_31' title='bbox 271 541 317 569; x_wconf 87' lang='lat' dir='ltr'><strong>Ad</strong></span> <span class='ocrx_word' id='word_1_32' title='bbox 342 545 371 569; x_wconf 88' lang='lat' dir='ltr'><strong>te</strong></span> <span class='ocrx_word' id='word_1_33' title='bbox 391 541 513 568; x_wconf 86' lang='lat' dir='ltr'><strong>mundus</strong></span> <span class='ocrx_word' id='word_1_34' title='bbox 534 540 662 568; x_wconf 72' lang='lat' dir='ltr'><strong>exsultat</strong></span> <span class='ocrx_word' id='word_1_35' title='bbox 679 540 817 575; x_wconf 89' lang='lat' dir='ltr'><strong>iubilans,</strong></span> 
     </span>
     <span class='ocr_line' id='line_1_9' title="bbox 270 578 768 615; baseline -0.006 -8"><span class='ocrx_word' id='word_1_36' title='bbox 270 579 352 613; x_wconf 86' lang='lat' dir='ltr'><strong>Esto,</strong></span> <span class='ocrx_word' id='word_1_37' title='bbox 373 581 431 615; x_wconf 87' lang='lat' dir='ltr'><strong>pia,</strong></span> <span class='ocrx_word' id='word_1_38' title='bbox 453 587 539 614; x_wconf 85' lang='lat' dir='ltr'><strong>super</strong></span> <span class='ocrx_word' id='word_1_39' title='bbox 557 586 612 605; x_wconf 83' lang='lat' dir='ltr'><strong>nos</strong></span> <span class='ocrx_word' id='word_1_40' title='bbox 630 578 768 614; x_wconf 85' lang='lat' dir='ltr'><strong>vigilans.</strong></span> 
     </span>
    </p>
   </div>
   <div class='ocr_carea' id='block_1_4' title="bbox 205 633 816 784">
    <p class='ocr_par' dir='ltr' id='par_1_4' title="bbox 205 633 816 784">
     <span class='ocr_line' id='line_1_10' title="bbox 205 633 816 670; baseline -0.003 -7"><span class='ocrx_word' id='word_1_41' title='bbox 205 633 252 663; x_wconf 86' lang='lat'><strong>43.</strong></span> <span class='ocrx_word' id='word_1_42' title='bbox 272 636 357 664; x_wconf 82' lang='lat' dir='ltr'><strong>Mons</strong></span> <span class='ocrx_word' id='word_1_43' title='bbox 375 636 517 669; x_wconf 90' lang='lat' dir='ltr'><strong>sublimis,</strong></span> <span class='ocrx_word' id='word_1_44' title='bbox 539 635 643 662; x_wconf 82' lang='lat' dir='ltr'><strong>salutis</strong></span> <span class='ocrx_word' id='word_1_45' title='bbox 658 634 816 670; x_wconf 80' lang='lat' dir='ltr'><strong>speculum,</strong></span> 
     </span>
     <span class='ocr_line' id='line_1_11' title="bbox 271 672 794 708; baseline -0.004 -7"><span class='ocrx_word' id='word_1_46' title='bbox 271 673 330 701; x_wconf 88' lang='lat' dir='ltr'><strong>Via</strong></span> <span class='ocrx_word' id='word_1_47' title='bbox 348 675 435 707; x_wconf 83' lang='lat' dir='ltr'><strong>vitae,</strong></span> <span class='ocrx_word' id='word_1_48' title='bbox 455 681 569 700; x_wconf 87' lang='lat' dir='ltr'><strong>morum</strong></span> <span class='ocrx_word' id='word_1_49' title='bbox 589 672 794 708; x_wconf 82' lang='lat' dir='ltr'><strong>spectaculum,</strong></span> 
     </span>
     <span class='ocr_line' id='line_1_12' title="bbox 271 710 777 744; baseline -0.002 -6"><span class='ocrx_word' id='word_1_50' title='bbox 271 711 306 738; x_wconf 88' lang='lat' dir='ltr'><strong>In</strong></span> <span class='ocrx_word' id='word_1_51' title='bbox 326 711 413 738; x_wconf 87' lang='lat' dir='ltr'><strong>caelis</strong></span> <span class='ocrx_word' id='word_1_52' title='bbox 433 711 549 738; x_wconf 87' lang='lat' dir='ltr'><strong>habitas</strong></span> <span class='ocrx_word' id='word_1_53' title='bbox 569 711 601 737; x_wconf 91' lang='lat' dir='ltr'><strong>in</strong></span> <span class='ocrx_word' id='word_1_54' title='bbox 621 710 777 744; x_wconf 72' lang='lat' dir='ltr'><strong>saeculum,</strong></span> 
     </span>
     <span class='ocr_line' id='line_1_13' title="bbox 274 748 779 784; baseline 0 -9"><span class='ocrx_word' id='word_1_55' title='bbox 274 748 470 776; x_wconf 81' lang='lat' dir='ltr'><strong>Christianum</strong></span> <span class='ocrx_word' id='word_1_56' title='bbox 490 748 610 775; x_wconf 84' lang='lat' dir='ltr'><strong>defende</strong></span> <span class='ocrx_word' id='word_1_57' title='bbox 630 748 779 784; x_wconf 88' lang='lat' dir='ltr'><strong>populum.</strong></span> 
     </span>
    </p>
   </div>
   <div class='ocr_carea' id='block_1_5' title="bbox 202 803 818 955">
    <p class='ocr_par' dir='ltr' id='par_1_5' title="bbox 202 803 818 955">
     <span class='ocr_line' id='line_1_14' title="bbox 202 803 818 841; baseline 0 -9"><span class='ocrx_word' id='word_1_58' title='bbox 202 803 248 832; x_wconf 88' lang='lat'><strong>44-</strong></span> <span class='ocrx_word' id='word_1_59' title='bbox 270 805 389 834; x_wconf 81' lang='lat' dir='ltr'><strong>Gemma</strong></span> <span class='ocrx_word' id='word_1_60' title='bbox 396 805 550 840; x_wconf 80' lang='lat' dir='ltr'><strong>splendens</strong></span> <span class='ocrx_word' id='word_1_61' title='bbox 558 804 818 841; x_wconf 84' lang='lat' dir='ltr'><strong>splendorenimio,</strong></span> 
     </span>
     <span class='ocr_line' id='line_1_15' title="bbox 270 843 756 877; baseline -0.002 -6"><span class='ocrx_word' id='word_1_62' title='bbox 270 843 384 871; x_wconf 84' lang='lat' dir='ltr'><strong>Lumen</strong></span> <span class='ocrx_word' id='word_1_63' title='bbox 404 843 504 870; x_wconf 85' lang='lat' dir='ltr'><strong>lucens</strong></span> <span class='ocrx_word' id='word_1_64' title='bbox 526 844 645 870; x_wconf 82' lang='lat' dir='ltr'><strong>caelesti</strong></span> <span class='ocrx_word' id='word_1_65' title='bbox 666 843 756 877; x_wconf 83' lang='lat' dir='ltr'><strong>radio,</strong></span> 
     </span>
     <span class='ocr_line' id='line_1_16' title="bbox 268 881 664 909; baseline 0 -1"><span class='ocrx_word' id='word_1_66' title='bbox 268 881 418 909; x_wconf 87' lang='lat' dir='ltr'><strong>Desolatis</strong></span> <span class='ocrx_word' id='word_1_67' title='bbox 441 882 482 908; x_wconf 90' lang='lat' dir='ltr'><strong>sis</strong></span> <span class='ocrx_word' id='word_1_68' title='bbox 502 881 664 909; x_wconf 77' lang='lat' dir='ltr'><strong>consolatio</strong></span> 
     </span>
     <span class='ocr_line' id='line_1_17' title="bbox 268 918 754 955; baseline -0.002 -9"><span class='ocrx_word' id='word_1_69' title='bbox 268 918 310 946; x_wconf 86' lang='lat' dir='ltr'><strong>Et</strong></span> <span class='ocrx_word' id='word_1_70' title='bbox 329 920 478 955; x_wconf 83' lang='lat' dir='ltr'><strong>temptatis</strong></span> <span class='ocrx_word' id='word_1_71' title='bbox 499 918 583 946; x_wconf 86' lang='lat' dir='ltr'><strong>firma</strong></span> <span class='ocrx_word' id='word_1_72' title='bbox 602 920 754 955; x_wconf 79' lang='lat' dir='ltr'><strong>prctectio.</strong></span> 
     </span>
    </p>
   </div>
   <div class='ocr_carea' id='block_1_6' title="bbox 202 973 817 1126">
    <p class='ocr_par' dir='ltr' id='par_1_6' title="bbox 202 973 817 1126">
     <span class='ocr_line' id='line_1_18' title="bbox 202 973 817 1012; baseline 0.002 -9"><span class='ocrx_word' id='word_1_73' title='bbox 202 973 249 1003; x_wconf 87' lang='lat'><strong>45.</strong></span> <span class='ocrx_word' id='word_1_74' title='bbox 270 975 377 1004; x_wconf 82' lang='lat' dir='ltr'><strong>Tribus</strong></span> <span class='ocrx_word' id='word_1_75' title='bbox 399 976 475 1004; x_wconf 86' lang='lat' dir='ltr'><strong>Iuda</strong></span> <span class='ocrx_word' id='word_1_76' title='bbox 493 985 585 1012; x_wconf 82' lang='lat' dir='ltr'><strong>genus</strong></span> <span class='ocrx_word' id='word_1_77' title='bbox 606 977 817 1010; x_wconf 84' lang='lat' dir='ltr'><strong>dulcissimum,</strong></span> 
     </span>
     <span class='ocr_line' id='line_1_19' title="bbox 271 1014 741 1049; baseline 0.002 -9"><span class='ocrx_word' id='word_1_78' title='bbox 271 1014 486 1049; x_wconf 79' lang='lat' dir='ltr'><strong>Omnipotentis</strong></span> <span class='ocrx_word' id='word_1_79' title='bbox 508 1023 537 1041; x_wconf 91' lang='lat' dir='ltr'><strong>es</strong></span> <span class='ocrx_word' id='word_1_80' title='bbox 557 1015 741 1048; x_wconf 74' lang='lat' dir='ltr'><strong>altissimum,</strong></span> 
     </span>
     <span class='ocr_line' id='line_1_20' title="bbox 268 1051 816 1088; baseline 0 -9"><span class='ocrx_word' id='word_1_81' title='bbox 268 1051 407 1079; x_wconf 81' lang='lat' dir='ltr'><strong>Nostrum</strong></span> <span class='ocrx_word' id='word_1_82' title='bbox 421 1053 452 1079; x_wconf 90' lang='grc'><strong>111</strong></span> <span class='ocrx_word' id='word_1_83' title='bbox 465 1054 494 1079; x_wconf 85' lang='lat' dir='ltr'><strong>te</strong></span> <span class='ocrx_word' id='word_1_84' title='bbox 508 1061 666 1088; x_wconf 84' lang='lat' dir='ltr'><strong>perurgens</strong></span> <span class='ocrx_word' id='word_1_85' title='bbox 678 1054 816 1087; x_wconf 85' lang='lat' dir='ltr'><strong>animum,</strong></span> 
     </span>
     <span class='ocr_line' id='line_1_21' title="bbox 269 1088 794 1126; baseline -0.002 -9"><span class='ocrx_word' id='word_1_86' title='bbox 269 1088 331 1117; x_wconf 82' lang='lat' dir='ltr'><strong>Nos</strong></span> <span class='ocrx_word' id='word_1_87' title='bbox 352 1098 475 1126; x_wconf 84' lang='lat' dir='ltr'><strong>perurge</strong></span> <span class='ocrx_word' id='word_1_88' title='bbox 494 1091 526 1117; x_wconf 91' lang='lat' dir='ltr'><strong>in</strong></span> <span class='ocrx_word' id='word_1_89' title='bbox 546 1089 632 1118; x_wconf 87' lang='lat' dir='ltr'><strong>finem</strong></span> <span class='ocrx_word' id='word_1_90' title='bbox 652 1090 794 1117; x_wconf 88' lang='lat' dir='ltr'><strong>ultimum.</strong></span> 
     </span>
    </p>
   </div>
   <div class='ocr_carea' id='block_1_7' title="bbox 887 290 1503 435">
    <p class='ocr_par' dir='ltr' id='par_1_7' title="bbox 887 290 1503 435">
     <span class='ocr_line' id='line_1_22' title="bbox 887 290 1377 327; baseline 0 -7"><span class='ocrx_word' id='word_1_91' title='bbox 887 290 933 320; x_wconf 87' lang='lat'><strong>46-</strong></span> <span class='ocrx_word' id='word_1_92' title='bbox 955 293 1127 322; x_wconf 74' lang='lat' dir='ltr'><strong>Sanctitafis</strong></span> <span class='ocrx_word' id='word_1_93' title='bbox 1147 293 1239 321; x_wconf 77' lang='lat' dir='ltr'><strong>totius</strong></span> <span class='ocrx_word' id='word_1_94' title='bbox 1258 293 1377 327; x_wconf 82' lang='lat' dir='ltr'><strong>femina,</strong></span> 
     </span>
     <span class='ocr_line' id='line_1_23' title="bbox 951 331 1503 367; baseline -0.004 -8"><span class='ocrx_word' id='word_1_95' title='bbox 951 331 1057 359; x_wconf 85' lang='lat' dir='ltr'><strong>Mundi</strong></span> <span class='ocrx_word' id='word_1_96' title='bbox 1075 332 1213 367; x_wconf 85' lang='lat' dir='ltr'><strong>princeps</strong></span> <span class='ocrx_word' id='word_1_97' title='bbox 1233 333 1263 358; x_wconf 89' lang='lat' dir='ltr'><strong>et</strong></span> <span class='ocrx_word' id='word_1_98' title='bbox 1282 331 1356 358; x_wconf 80' lang='lat' dir='ltr'><strong>caeli</strong></span> <span class='ocrx_word' id='word_1_99' title='bbox 1374 331 1503 366; x_wconf 82' lang='lat' dir='ltr'><strong>domina,</strong></span> 
     </span>
     <span class='ocr_line' id='line_1_24' title="bbox 951 368 1395 397; baseline -0.002 0"><span class='ocrx_word' id='word_1_100' title='bbox 951 368 1051 397; x_wconf 85' lang='lat' dir='ltr'><strong>Servis</strong></span> <span class='ocrx_word' id='word_1_101' title='bbox 1071 370 1131 396; x_wconf 88' lang='lat' dir='ltr'><strong>tuis</strong></span> <span class='ocrx_word' id='word_1_102' title='bbox 1150 369 1252 396; x_wconf 81' lang='lat' dir='ltr'><strong>relaxa</strong></span> <span class='ocrx_word' id='word_1_103' title='bbox 1271 369 1395 396; x_wconf 87' lang='lat' dir='ltr'><strong>crimina</strong></span> 
     </span>
     <span class='ocr_line' id='line_1_25' title="bbox 950 406 1405 435; baseline -0.002 0"><span class='ocrx_word' id='word_1_104' title='bbox 950 406 992 435; x_wconf 87' lang='lat' dir='ltr'><strong>Et</strong></span> <span class='ocrx_word' id='word_1_105' title='bbox 1012 416 1111 435; x_wconf 86' lang='lat' dir='ltr'><strong>eorum</strong></span> <span class='ocrx_word' id='word_1_106' title='bbox 1129 409 1241 434; x_wconf 83' lang='lat' dir='ltr'><strong>mentes</strong></span> <span class='ocrx_word' id='word_1_107' title='bbox 1261 407 1405 434; x_wconf 82' lang='lat' dir='ltr'><strong>illumina.</strong></span> 
     </span>
    </p>
   </div>
   <div class='ocr_carea' id='block_1_8' title="bbox 883 461 1502 613">
    <p class='ocr_par' dir='ltr' id='par_1_8' title="bbox 883 461 1502 613">
     <span class='ocr_line' id='line_1_26' title="bbox 883 461 1450 500; baseline -0.002 -9"><span class='ocrx_word' id='word_1_108' title='bbox 883 461 930 491; x_wconf 85' lang='lat'><strong>47.</strong></span> <span class='ocrx_word' id='word_1_109' title='bbox 949 463 997 491; x_wconf 83' lang='lat' dir='ltr'><strong>Ex</strong></span> <span class='ocrx_word' id='word_1_110' title='bbox 1017 466 1054 497; x_wconf 87' lang='lat' dir='ltr'><strong>tc,</strong></span> <span class='ocrx_word' id='word_1_111' title='bbox 1074 465 1167 500; x_wconf 83' lang='lat' dir='ltr'><strong>virgo,</strong></span> <span class='ocrx_word' id='word_1_112' title='bbox 1190 466 1277 491; x_wconf 81' lang='lat' dir='ltr'><strong>natus</strong></span> <span class='ocrx_word' id='word_1_113' title='bbox 1300 466 1345 491; x_wconf 92' lang='lat' dir='ltr'><strong>est</strong></span> <span class='ocrx_word' id='word_1_114' title='bbox 1362 462 1450 497; x_wconf 89' lang='lat' dir='ltr'><strong>filius,</strong></span> 
     </span>
     <span class='ocr_line' id='line_1_27' title="bbox 950 501 1462 537; baseline -0.004 -7"><span class='ocrx_word' id='word_1_115' title='bbox 950 501 1028 530; x_wconf 90' lang='lat' dir='ltr'><strong>Puer</strong></span> <span class='ocrx_word' id='word_1_116' title='bbox 1048 501 1141 537; x_wconf 87' lang='lat' dir='ltr'><strong>Iesus,</strong></span> <span class='ocrx_word' id='word_1_117' title='bbox 1163 510 1220 537; x_wconf 91' lang='lat' dir='ltr'><strong>quo</strong></span> <span class='ocrx_word' id='word_1_118' title='bbox 1242 501 1318 528; x_wconf 87' lang='lat' dir='ltr'><strong>nihil</strong></span> <span class='ocrx_word' id='word_1_119' title='bbox 1338 501 1462 534; x_wconf 85' lang='lat' dir='ltr'><strong>dulcius,</strong></span> 
     </span>
     <span class='ocr_line' id='line_1_28' title="bbox 952 539 1502 575; baseline -0.002 -8"><span class='ocrx_word' id='word_1_120' title='bbox 952 539 1044 573; x_wconf 81' lang='lat' dir='ltr'><strong>Quem</strong></span> <span class='ocrx_word' id='word_1_121' title='bbox 1072 547 1209 575; x_wconf 85' lang='lat' dir='ltr'><strong>rogamus</strong></span> <span class='ocrx_word' id='word_1_122' title='bbox 1230 548 1330 567; x_wconf 89' lang='lat' dir='ltr'><strong>omnes</strong></span> <span class='ocrx_word' id='word_1_123' title='bbox 1351 540 1502 573; x_wconf 85' lang='lat' dir='ltr'><strong>attentius,</strong></span> 
     </span>
     <span class='ocr_line' id='line_1_29' title="bbox 949 576 1453 613; baseline -0.006 -7"><span class='ocrx_word' id='word_1_124' title='bbox 949 576 993 606; x_wconf 77' lang='lat' dir='ltr'><strong>Ut</strong></span> <span class='ocrx_word' id='word_1_125' title='bbox 1013 579 1053 605; x_wconf 88' lang='lat' dir='ltr'><strong>sit</strong></span> <span class='ocrx_word' id='word_1_126' title='bbox 1071 578 1157 605; x_wconf 83' lang='lat' dir='ltr'><strong>nobis</strong></span> <span class='ocrx_word' id='word_1_127' title='bbox 1178 586 1230 613; x_wconf 89' lang='lat' dir='ltr'><strong>per</strong></span> <span class='ocrx_word' id='word_1_128' title='bbox 1250 579 1279 605; x_wconf 86' lang='lat' dir='ltr'><strong>te</strong></span> <span class='ocrx_word' id='word_1_129' title='bbox 1297 578 1453 613; x_wconf 86' lang='lat' dir='ltr'><strong>propitius.</strong></span> 
     </span>
    </p>
   </div>
   <div class='ocr_carea' id='block_1_9' title="bbox 884 631 1474 784">
    <p class='ocr_par' dir='ltr' id='par_1_9' title="bbox 884 631 1474 784">
     <span class='ocr_line' id='line_1_30' title="bbox 884 631 1408 670; baseline 0.002 -10"><span class='ocrx_word' id='word_1_130' title='bbox 884 631 930 661; x_wconf 84' lang='lat'><strong>48.</strong></span> <span class='ocrx_word' id='word_1_131' title='bbox 951 634 1020 668; x_wconf 91' lang='lat' dir='ltr'><strong>Vas,</strong></span> <span class='ocrx_word' id='word_1_132' title='bbox 1043 634 1151 662; x_wconf 83' lang='lat' dir='ltr'><strong>excelsi</strong></span> <span class='ocrx_word' id='word_1_133' title='bbox 1171 643 1244 670; x_wconf 91' lang='lat' dir='ltr'><strong>opus</strong></span> <span class='ocrx_word' id='word_1_134' title='bbox 1264 633 1408 667; x_wconf 82' lang='lat' dir='ltr'><strong>mirabile,</strong></span> 
     </span>
     <span class='ocr_line' id='line_1_31' title="bbox 951 670 1474 708; baseline -0.002 -9"><span class='ocrx_word' id='word_1_135' title='bbox 951 670 1046 700; x_wconf 80' lang='lat' dir='ltr'><strong>Stella</strong></span> <span class='ocrx_word' id='word_1_136' title='bbox 1064 672 1148 705; x_wconf 88' lang='lat' dir='ltr'><strong>caeli,</strong></span> <span class='ocrx_word' id='word_1_137' title='bbox 1170 673 1287 708; x_wconf 82' lang='lat' dir='ltr'><strong>signum</strong></span> <span class='ocrx_word' id='word_1_138' title='bbox 1306 671 1474 707; x_wconf 81' lang='lat' dir='ltr'><strong>spectabile,</strong></span> 
     </span>
     <span class='ocr_line' id='line_1_32' title="bbox 949 709 1404 745; baseline -0.002 -7"><span class='ocrx_word' id='word_1_139' title='bbox 949 709 1007 738; x_wconf 90' lang='lat' dir='ltr'><strong>Per</strong></span> <span class='ocrx_word' id='word_1_140' title='bbox 1027 712 1056 738; x_wconf 86' lang='lat' dir='ltr'><strong>te</strong></span> <span class='ocrx_word' id='word_1_141' title='bbox 1075 711 1161 737; x_wconf 90' lang='lat' dir='ltr'><strong>nobis</strong></span> <span class='ocrx_word' id='word_1_142' title='bbox 1182 709 1235 737; x_wconf 87' lang='lat' dir='ltr'><strong>fiat</strong></span> <span class='ocrx_word' id='word_1_143' title='bbox 1254 709 1404 745; x_wconf 75' lang='lat' dir='ltr'><strong>possibile,</strong></span> 
     </span>
     <span class='ocr_line' id='line_1_33' title="bbox 952 747 1467 784; baseline 0 -9"><span class='ocrx_word' id='word_1_144' title='bbox 952 748 1037 782; x_wconf 74' lang='lat' dir='ltr'><strong>Quod</strong></span> <span class='ocrx_word' id='word_1_145' title='bbox 1056 756 1202 784; x_wconf 83' lang='lat' dir='ltr'><strong>rogamus,</strong></span> <span class='ocrx_word' id='word_1_146' title='bbox 1224 750 1254 775; x_wconf 87' lang='lat' dir='ltr'><strong>et</strong></span> <span class='ocrx_word' id='word_1_147' title='bbox 1271 747 1467 783; x_wconf 81' lang='lat' dir='ltr'><strong>impetrabile.</strong></span> 
     </span>
    </p>
   </div>
   <div class='ocr_carea' id='block_1_10' title="bbox 883 803 1466 947">
    <p class='ocr_par' dir='ltr' id='par_1_10' title="bbox 883 803 1466 947">
     <span class='ocr_line' id='line_1_34' title="bbox 883 803 1381 841; baseline -0.002 -9"><span class='ocrx_word' id='word_1_148' title='bbox 883 803 930 832; x_wconf 88' lang='lat'><strong>49.</strong></span> <span class='ocrx_word' id='word_1_149' title='bbox 951 806 1103 833; x_wconf 84' lang='lat' dir='ltr'><strong>Advocata</strong></span> <span class='ocrx_word' id='word_1_150' title='bbox 1121 807 1224 833; x_wconf 81' lang='lat' dir='ltr'><strong>nostra</strong></span> <span class='ocrx_word' id='word_1_151' title='bbox 1243 805 1381 841; x_wconf 83' lang='lat' dir='ltr'><strong>propitia,</strong></span> 
     </span>
     <span class='ocr_line' id='line_1_35' title="bbox 949 842 1399 879; baseline -0.002 -8"><span class='ocrx_word' id='word_1_152' title='bbox 949 843 1015 871; x_wconf 81' lang='lat' dir='ltr'><strong>Tua</strong></span> <span class='ocrx_word' id='word_1_153' title='bbox 1034 852 1120 879; x_wconf 87' lang='lat' dir='ltr'><strong>prece</strong></span> <span class='ocrx_word' id='word_1_154' title='bbox 1138 852 1253 879; x_wconf 83' lang='lat' dir='ltr'><strong>semper</strong></span> <span class='ocrx_word' id='word_1_155' title='bbox 1273 842 1399 877; x_wconf 84' lang='lat' dir='ltr'><strong>assidua,</strong></span> 
     </span>
     <span class='ocr_line' id='line_1_36' title="bbox 951 881 1452 916; baseline -0.002 -7"><span class='ocrx_word' id='word_1_156' title='bbox 951 882 1036 916; x_wconf 80' lang='lat' dir='ltr'><strong>Quod</strong></span> <span class='ocrx_word' id='word_1_157' title='bbox 1053 883 1085 909; x_wconf 92' lang='lat' dir='ltr'><strong>in</strong></span> <span class='ocrx_word' id='word_1_158' title='bbox 1104 882 1191 909; x_wconf 92' lang='lat' dir='ltr'><strong>nobis</strong></span> <span class='ocrx_word' id='word_1_159' title='bbox 1212 881 1318 916; x_wconf 86' lang='lat' dir='ltr'><strong>sordet,</strong></span> <span class='ocrx_word' id='word_1_160' title='bbox 1340 889 1452 908; x_wconf 88' lang='lat' dir='ltr'><strong>evacua</strong></span> 
     </span>
     <span class='ocr_line' id='line_1_37' title="bbox 950 919 1466 947; baseline -0.002 0"><span class='ocrx_word' id='word_1_161' title='bbox 950 919 992 947; x_wconf 85' lang='lat' dir='ltr'><strong>Et</strong></span> <span class='ocrx_word' id='word_1_162' title='bbox 1011 921 1051 947; x_wconf 92' lang='lat' dir='ltr'><strong>sis</strong></span> <span class='ocrx_word' id='word_1_163' title='bbox 1071 920 1157 947; x_wconf 87' lang='lat' dir='ltr'><strong>nobis</strong></span> <span class='ocrx_word' id='word_1_164' title='bbox 1178 919 1216 947; x_wconf 84' lang='lat' dir='ltr'><strong>ad</strong></span> <span class='ocrx_word' id='word_1_165' title='bbox 1235 919 1349 947; x_wconf 82' lang='lat' dir='ltr'><strong>caelum</strong></span> <span class='ocrx_word' id='word_1_166' title='bbox 1370 919 1466 946; x_wconf 85' lang='lat' dir='ltr'><strong>obvia.</strong></span> 
     </span>
    </p>
   </div>
   <div class='ocr_carea' id='block_1_11' title="bbox 887 974 1502 1126">
    <p class='ocr_par' dir='ltr' id='par_1_11' title="bbox 887 974 1502 1126">
     <span class='ocr_line' id='line_1_38' title="bbox 887 974 1502 1004; baseline -0.002 0"><span class='ocrx_word' id='word_1_167' title='bbox 887 974 933 1004; x_wconf 87' lang='lat'><strong>50.</strong></span> <span class='ocrx_word' id='word_1_168' title='bbox 953 977 989 1004; x_wconf 89' lang='lat' dir='ltr'><strong>In</strong></span> <span class='ocrx_word' id='word_1_169' title='bbox 1006 977 1063 1004; x_wconf 89' lang='lat' dir='ltr'><strong>hoc</strong></span> <span class='ocrx_word' id='word_1_170' title='bbox 1074 977 1182 1004; x_wconf 85' lang='lat' dir='ltr'><strong>mundo</strong></span> <span class='ocrx_word' id='word_1_171' title='bbox 1196 977 1247 1004; x_wconf 86' lang='lat' dir='ltr'><strong>vix</strong></span> <span class='ocrx_word' id='word_1_172' title='bbox 1259 977 1369 1004; x_wconf 90' lang='lat' dir='ltr'><strong>bonum</strong></span> <span class='ocrx_word' id='word_1_173' title='bbox 1378 976 1502 1003; x_wconf 83' lang='lat' dir='ltr'><strong>facimus</strong></span> 
     </span>
     <span class='ocr_line' id='line_1_39' title="bbox 949 1014 1500 1050; baseline -0.002 -8"><span class='ocrx_word' id='word_1_174' title='bbox 949 1014 993 1042; x_wconf 85' lang='lat' dir='ltr'><strong>Et</strong></span> <span class='ocrx_word' id='word_1_175' title='bbox 1010 1023 1030 1042; x_wconf 85' lang='lat' dir='ltr'><strong>a</strong></span> <span class='ocrx_word' id='word_1_176' title='bbox 1047 1015 1135 1042; x_wconf 83' lang='lat' dir='ltr'><strong>malis</strong></span> <span class='ocrx_word' id='word_1_177' title='bbox 1147 1023 1297 1050; x_wconf 87' lang='lat' dir='ltr'><strong>nunquam</strong></span> <span class='ocrx_word' id='word_1_178' title='bbox 1314 1015 1500 1050; x_wconf 80' lang='lat' dir='ltr'><strong>quiescimus,</strong></span> 
     </span>
     <span class='ocr_line' id='line_1_40' title="bbox 949 1052 1500 1088; baseline -0.002 -8"><span class='ocrx_word' id='word_1_179' title='bbox 949 1052 990 1080; x_wconf 83' lang='lat' dir='ltr'><strong>Et</strong></span> <span class='ocrx_word' id='word_1_180' title='bbox 1009 1054 1052 1080; x_wconf 87' lang='lat' dir='ltr'><strong>sic</strong></span> <span class='ocrx_word' id='word_1_181' title='bbox 1065 1054 1158 1080; x_wconf 72' lang='lat' dir='ltr'><strong>vitam</strong></span> <span class='ocrx_word' id='word_1_182' title='bbox 1172 1055 1202 1080; x_wconf 83' lang='lat' dir='ltr'><strong>et</strong></span> <span class='ocrx_word' id='word_1_183' title='bbox 1214 1055 1328 1088; x_wconf 84' lang='lat' dir='ltr'><strong>tempus</strong></span> <span class='ocrx_word' id='word_1_184' title='bbox 1341 1052 1500 1088; x_wconf 73' lang='lat' dir='ltr'><strong>perdimus=</strong></span> 
     </span>
     <span class='ocr_line' id='line_1_41' title="bbox 949 1089 1499 1126; baseline -0.004 -8"><span class='ocrx_word' id='word_1_185' title='bbox 949 1090 996 1118; x_wconf 88' lang='lat' dir='ltr'><strong>De</strong></span> <span class='ocrx_word' id='word_1_186' title='bbox 1015 1093 1044 1118; x_wconf 90' lang='lat' dir='ltr'><strong>te</strong></span> <span class='ocrx_word' id='word_1_187' title='bbox 1065 1094 1164 1118; x_wconf 86' lang='lat' dir='ltr'><strong>tamen</strong></span> <span class='ocrx_word' id='word_1_188' title='bbox 1184 1099 1297 1126; x_wconf 90' lang='lat' dir='ltr'><strong>semper</strong></span> <span class='ocrx_word' id='word_1_189' title='bbox 1317 1089 1499 1118; x_wconf 79' lang='lat' dir='ltr'><strong>confidimus.</strong></span> 
     </span>
    </p>
   </div>
   <div class='ocr_carea' id='block_1_12' title="bbox 570 1147 1133 1183">
    <p class='ocr_par' dir='ltr' id='par_1_12' title="bbox 570 1147 1133 1183">
     <span class='ocr_line' id='line_1_42' title="bbox 570 1147 1133 1183; baseline 0.004 -10"><span class='ocrx_word' id='word_1_190' title='bbox 570 1147 710 1182; x_wconf 83' lang='lat' dir='ltr'><strong>Digneris</strong></span> <span class='ocrx_word' id='word_1_191' title='bbox 730 1149 880 1183; x_wconf 87' lang='lat' dir='ltr'><strong>praestare</strong></span> <span class='ocrx_word' id='word_1_192' title='bbox 899 1148 977 1183; x_wconf 84' lang='lat' dir='ltr'><strong>quod</strong></span> <span class='ocrx_word' id='word_1_193' title='bbox 997 1148 1133 1183; x_wconf 83' lang='lat' dir='ltr'><strong>petimus.</strong></span> 
     </span>
    </p>
   </div>
   <div class='ocr_carea' id='block_1_13' title="bbox 600 1256 1087 1289">
    <p class='ocr_par' dir='ltr' id='par_1_13' title="bbox 600 1256 1087 1289">
     <span class='ocr_line' id='line_1_43' title="bbox 600 1256 1087 1289; baseline 0.004 -2"><span class='ocrx_word' id='word_1_194' title='bbox 600 1256 659 1287; x_wconf 83' lang='lat'><strong>137.</strong></span> <span class='ocrx_word' id='word_1_195' title='bbox 690 1256 736 1287; x_wconf 69' lang='lat' dir='ltr'><strong>Acl</strong></span> <span class='ocrx_word' id='word_1_196' title='bbox 755 1257 881 1288; x_wconf 82' lang='lat' dir='ltr'><strong>beatam</strong></span> <span class='ocrx_word' id='word_1_197' title='bbox 901 1256 1032 1289; x_wconf 80' lang='lat' dir='ltr'><strong>Mariam</strong></span> <span class='ocrx_word' id='word_1_198' title='bbox 1052 1258 1087 1289; x_wconf 91' lang='lat' dir='ltr'><strong>V.</strong></span> 
     </span>
    </p>
   </div>
   <div class='ocr_carea' id='block_1_14' title="bbox 575 1326 1116 2076">
    <p class='ocr_par' dir='ltr' id='par_1_14' title="bbox 577 1326 1102 1503">
     <span class='ocr_line' id='line_1_44' title="bbox 579 1326 1014 1367; baseline 0.002 -9"><span class='ocrx_word' id='word_1_199' title='bbox 579 1326 682 1366; x_wconf 80' lang='lat' dir='ltr'><strong>Salve,</strong></span> <span class='ocrx_word' id='word_1_200' title='bbox 710 1330 812 1358; x_wconf 85' lang='lat' dir='ltr'><strong>mater</strong></span> <span class='ocrx_word' id='word_1_201' title='bbox 836 1328 1014 1367; x_wconf 81' lang='lat' dir='ltr'><strong>salvatoris,</strong></span> 
     </span>
     <span class='ocr_line' id='line_1_45' title="bbox 625 1373 1028 1416; baseline 0.002 -10"><span class='ocrx_word' id='word_1_202' title='bbox 625 1374 714 1406; x_wconf 88' lang='lat' dir='ltr'><strong>Audi</strong></span> <span class='ocrx_word' id='word_1_203' title='bbox 741 1383 853 1416; x_wconf 83' lang='lat' dir='ltr'><strong>preces</strong></span> <span class='ocrx_word' id='word_1_204' title='bbox 879 1373 1028 1415; x_wconf 84' lang='lat' dir='ltr'><strong>familiae,</strong></span> 
     </span>
     <span class='ocr_line' id='line_1_46' title="bbox 577 1421 1102 1463; baseline 0.002 -10"><span class='ocrx_word' id='word_1_205' title='bbox 577 1421 637 1463; x_wconf 78' lang='lat' dir='ltr'><strong>Tu,</strong></span> <span class='ocrx_word' id='word_1_206' title='bbox 662 1430 743 1461; x_wconf 85' lang='lat' dir='ltr'><strong>quae</strong></span> <span class='ocrx_word' id='word_1_207' title='bbox 767 1431 840 1462; x_wconf 86' lang='lat' dir='ltr'><strong>spes</strong></span> <span class='ocrx_word' id='word_1_208' title='bbox 866 1431 899 1453; x_wconf 92' lang='lat' dir='ltr'><strong>es</strong></span> <span class='ocrx_word' id='word_1_209' title='bbox 924 1422 1102 1461; x_wconf 81' lang='lat' dir='ltr'><strong>peccatoris</strong></span> 
     </span>
     <span class='ocr_line' id='line_1_47' title="bbox 625 1468 1039 1503; baseline 0.002 -2"><span class='ocrx_word' id='word_1_210' title='bbox 625 1469 671 1501; x_wconf 84' lang='lat' dir='ltr'><strong>Et</strong></span> <span class='ocrx_word' id='word_1_211' title='bbox 694 1468 765 1501; x_wconf 80' lang='lat' dir='ltr'><strong>fons</strong></span> <span class='ocrx_word' id='word_1_212' title='bbox 790 1469 1039 1503; x_wconf 86' lang='lat' dir='ltr'><strong>misericordiae.</strong></span> 
     </span>
    </p>

    <p class='ocr_par' dir='ltr' id='par_1_15' title="bbox 575 1516 1116 2076">
     <span class='ocr_line' id='line_1_48' title="bbox 580 1516 1089 1560; baseline 0 -12"><span class='ocrx_word' id='word_1_213' title='bbox 580 1517 617 1548; x_wconf 92' lang='lat' dir='ltr'><strong>In</strong></span> <span class='ocrx_word' id='word_1_214' title='bbox 647 1516 707 1548; x_wconf 87' lang='lat' dir='ltr'><strong>hac</strong></span> <span class='ocrx_word' id='word_1_215' title='bbox 732 1517 825 1560; x_wconf 86' lang='lat' dir='ltr'><strong>valle,</strong></span> <span class='ocrx_word' id='word_1_216' title='bbox 853 1525 947 1556; x_wconf 85' lang='lat' dir='ltr'><strong>quam</strong></span> <span class='ocrx_word' id='word_1_217' title='bbox 968 1517 1089 1549; x_wconf 90' lang='lat' dir='ltr'><strong>laboris</strong></span> 
     </span>
     <span class='ocr_line' id='line_1_49' title="bbox 625 1563 1001 1596; baseline 0.003 -1"><span class='ocrx_word' id='word_1_218' title='bbox 625 1563 670 1595; x_wconf 85' lang='lat' dir='ltr'><strong>Et</strong></span> <span class='ocrx_word' id='word_1_219' title='bbox 692 1564 795 1595; x_wconf 87' lang='lat' dir='ltr'><strong>luctus</strong></span> <span class='ocrx_word' id='word_1_220' title='bbox 822 1566 854 1595; x_wconf 90' lang='lat' dir='ltr'><strong>et</strong></span> <span class='ocrx_word' id='word_1_221' title='bbox 874 1563 1001 1596; x_wconf 87' lang='lat' dir='ltr'><strong>inediae</strong></span> 
     </span>
     <span class='ocr_line' id='line_1_50' title="bbox 577 1610 954 1650; baseline -0.005 -7"><span class='ocrx_word' id='word_1_222' title='bbox 577 1610 812 1650; x_wconf 85' lang='lat' dir='ltr'><strong>Infirmitasque</strong></span> <span class='ocrx_word' id='word_1_223' title='bbox 835 1611 954 1643; x_wconf 86' lang='lat' dir='ltr'><strong>doloris</strong></span> 
     </span>
     <span class='ocr_line' id='line_1_51' title="bbox 629 1657 1080 1699; baseline 0.007 -11"><span class='ocrx_word' id='word_1_224' title='bbox 629 1657 844 1689; x_wconf 81' lang='lat' dir='ltr'><strong>Circumstant</strong></span> <span class='ocrx_word' id='word_1_225' title='bbox 868 1660 900 1689; x_wconf 76' lang='lat' dir='ltr'><strong>et,</strong></span> <span class='ocrx_word' id='word_1_226' title='bbox 923 1657 1080 1699; x_wconf 84' lang='lat' dir='ltr'><strong>miseriae,</strong></span> 
     </span>
     <span class='ocr_line' id='line_1_52' title="bbox 577 1704 1017 1737; baseline 0.005 -2"><span class='ocrx_word' id='word_1_227' title='bbox 577 1704 658 1736; x_wconf 84' lang='lat' dir='ltr'><strong>Esto</strong></span> <span class='ocrx_word' id='word_1_228' title='bbox 682 1704 773 1736; x_wconf 85' lang='lat' dir='ltr'><strong>nobis</strong></span> <span class='ocrx_word' id='word_1_229' title='bbox 797 1714 851 1737; x_wconf 86' lang='lat' dir='ltr'><strong>ros</strong></span> <span class='ocrx_word' id='word_1_230' title='bbox 877 1705 1017 1737; x_wconf 83' lang='lat' dir='ltr'><strong>dulcoris</strong></span> 
     </span>
     <span class='ocr_line' id='line_1_53' title="bbox 621 1751 1004 1784; baseline 0.003 -1"><span class='ocrx_word' id='word_1_231' title='bbox 621 1751 667 1783; x_wconf 76' lang='lat' dir='ltr'><strong>Et</strong></span> <span class='ocrx_word' id='word_1_232' title='bbox 690 1752 790 1784; x_wconf 88' lang='lat' dir='ltr'><strong>virtus</strong></span> <span class='ocrx_word' id='word_1_233' title='bbox 815 1752 1004 1784; x_wconf 80' lang='lat' dir='ltr'><strong>tolerantiae</strong></span> 
     </span>
     <span class='ocr_line' id='line_1_54' title="bbox 579 1798 1036 1840; baseline 0.002 -10"><span class='ocrx_word' id='word_1_234' title='bbox 579 1798 699 1831; x_wconf 78' lang='lat' dir='ltr'><strong>Contra</strong></span> <span class='ocrx_word' id='word_1_235' title='bbox 723 1801 828 1830; x_wconf 84' lang='lat' dir='ltr'><strong>aestus</strong></span> <span class='ocrx_word' id='word_1_236' title='bbox 852 1799 1036 1840; x_wconf 84' lang='lat' dir='ltr'><strong>incentoris,</strong></span> 
     </span>
     <span class='ocr_line' id='line_1_55' title="bbox 625 1845 1033 1879; baseline 0.002 -1"><span class='ocrx_word' id='word_1_237' title='bbox 625 1845 676 1878; x_wconf 84' lang='lat' dir='ltr'><strong>Ne</strong></span> <span class='ocrx_word' id='word_1_238' title='bbox 700 1855 757 1878; x_wconf 91' lang='lat' dir='ltr'><strong>nos</strong></span> <span class='ocrx_word' id='word_1_239' title='bbox 783 1846 849 1878; x_wconf 87' lang='lat' dir='ltr'><strong>eius</strong></span> <span class='ocrx_word' id='word_1_240' title='bbox 873 1847 1033 1879; x_wconf 83' lang='lat' dir='ltr'><strong>versutiae</strong></span> 
     </span>
     <span class='ocr_line' id='line_1_56' title="bbox 575 1892 1035 1935; baseline 0.002 -10"><span class='ocrx_word' id='word_1_241' title='bbox 575 1892 722 1925; x_wconf 85' lang='lat' dir='ltr'><strong>Laedant</strong></span> <span class='ocrx_word' id='word_1_242' title='bbox 743 1894 830 1925; x_wconf 82' lang='lat' dir='ltr'><strong>intra</strong></span> <span class='ocrx_word' id='word_1_243' title='bbox 854 1893 922 1926; x_wconf 86' lang='lat' dir='ltr'><strong>sive</strong></span> <span class='ocrx_word' id='word_1_244' title='bbox 946 1892 1035 1935; x_wconf 82' lang='lat' dir='ltr'><strong>foris,</strong></span> 
     </span>
     <span class='ocr_line' id='line_1_57' title="bbox 621 1941 1116 1983; baseline 0.004 -11"><span class='ocrx_word' id='word_1_245' title='bbox 621 1941 668 1973; x_wconf 87' lang='lat' dir='ltr'><strong>Ut</strong></span> <span class='ocrx_word' id='word_1_246' title='bbox 690 1949 749 1982; x_wconf 89' lang='lat' dir='ltr'><strong>per</strong></span> <span class='ocrx_word' id='word_1_247' title='bbox 773 1944 805 1972; x_wconf 84' lang='lat' dir='ltr'><strong>te</strong></span> <span class='ocrx_word' id='word_1_248' title='bbox 828 1950 885 1973; x_wconf 86' lang='lat' dir='ltr'><strong>nos</strong></span> <span class='ocrx_word' id='word_1_249' title='bbox 910 1949 968 1974; x_wconf 81' lang='lat' dir='ltr'><strong>rex</strong></span> <span class='ocrx_word' id='word_1_250' title='bbox 993 1942 1116 1983; x_wconf 86' lang='lat' dir='ltr'><strong>gloriae</strong></span> 
     </span>
     <span class='ocr_line' id='line_1_58' title="bbox 578 1988 1032 2029; baseline 0.004 -9"><span class='ocrx_word' id='word_1_251' title='bbox 578 1988 696 2028; x_wconf 83' lang='lat' dir='ltr'><strong>Iungat</strong></span> <span class='ocrx_word' id='word_1_252' title='bbox 719 1988 902 2029; x_wconf 89' lang='lat' dir='ltr'><strong>angelorum</strong></span> <span class='ocrx_word' id='word_1_253' title='bbox 928 1989 1032 2022; x_wconf 88' lang='lat' dir='ltr'><strong>choris</strong></span> 
     </span>
     <span class='ocr_line' id='line_1_59' title="bbox 625 2035 1021 2076; baseline 0.008 -9"><span class='ocrx_word' id='word_1_254' title='bbox 625 2035 880 2076; x_wconf 81' lang='lat' dir='ltr'><strong>Gaelestiumque</strong></span> <span class='ocrx_word' id='word_1_255' title='bbox 905 2038 1021 2070; x_wconf 85' lang='lat' dir='ltr'><strong>curiae.</strong></span> 
     </span>
    </p>
   </div>
   <div class='ocr_carea' id='block_1_15' title="bbox 264 2106 1497 2150">
    <p class='ocr_par' dir='ltr' id='par_1_16' title="bbox 264 2106 1497 2150">
     <span class='ocr_line' id='line_1_60' title="bbox 264 2106 1497 2150; baseline 0.006 -15"><span class='ocrx_word' id='word_1_256' title='bbox 264 2106 344 2136; x_wconf 84' lang='lat' dir='ltr'><strong>Orat.</strong></span> <span class='ocrx_word' id='word_1_257' title='bbox 374 2118 426 2137; x_wconf 89' lang='lat' dir='ltr'><strong>ms.</strong></span> <span class='ocrx_word' id='word_1_258' title='bbox 457 2110 569 2138; x_wconf 88' lang='lat' dir='ltr'><strong>Domus</strong></span> <span class='ocrx_word' id='word_1_259' title='bbox 594 2111 696 2139; x_wconf 84' lang='lat' dir='ltr'><strong>Novae</strong></span> <span class='ocrx_word' id='word_1_260' title='bbox 720 2112 811 2139; x_wconf 87' lang='lat' dir='ltr'><strong>Lucis</strong></span> <span class='ocrx_word' id='word_1_261' title='bbox 836 2113 907 2139; x_wconf 87' lang='lat' dir='ltr'><strong>anni</strong></span> <span class='ocrx_word' id='word_1_262' title='bbox 935 2110 1017 2141; x_wconf 80' lang='lat'>1477.</span> <span class='ocrx_word' id='word_1_263' title='bbox 1065 2113 1135 2141; x_wconf 81' lang='lat' dir='ltr'><strong>God.</strong></span> <span class='ocrx_word' id='word_1_264' title='bbox 1161 2113 1348 2142; x_wconf 82' lang='lat' dir='ltr'><strong>Ultraiectin.</strong></span> <span class='ocrx_word' id='word_1_265' title='bbox 1375 2113 1497 2150; x_wconf 77' lang='lat' dir='ltr'><strong>Scriptt.</strong></span> 
     </span>
    </p>
   </div>
   <div class='ocr_carea' id='block_1_16' title="bbox 190 2144 705 2182">
    <p class='ocr_par' dir='ltr' id='par_1_17' title="bbox 190 2144 705 2182">
     <span class='ocr_line' id='line_1_61' title="bbox 190 2144 705 2182; baseline 0.01 -10"><span class='ocrx_word' id='word_1_266' title='bbox 190 2145 271 2173; x_wconf 90' lang='lat' dir='ltr'><strong>Eccl.</strong></span> <span class='ocrx_word' id='word_1_267' title='bbox 292 2144 356 2174; x_wconf 83' lang='lat'><strong>375.</strong></span> <span class='ocrx_word' id='word_1_268' title='bbox 377 2161 415 2165; x_wconf 98' lang='lat'><strong>—</strong></span> <span class='ocrx_word' id='word_1_269' title='bbox 437 2145 481 2182; x_wconf 87' lang='lat'><strong>1‚1</strong></span> <span class='ocrx_word' id='word_1_270' title='bbox 501 2148 584 2182; x_wconf 89' lang='lat' dir='ltr'><strong>Vale,</strong></span> <span class='ocrx_word' id='word_1_271' title='bbox 604 2151 705 2177; x_wconf 86' lang='lat' dir='ltr'><strong>mater.</strong></span> 
     </span>
    </p>
   </div>
   <div class='ocr_carea' id='block_1_17' title="bbox 622 2258 1052 2294">
    <p class='ocr_par' dir='ltr' id='par_1_18' title="bbox 622 2258 1052 2294">
     <span class='ocr_line' id='line_1_62' title="bbox 622 2258 1052 2294; baseline 0.009 -4"><span class='ocrx_word' id='word_1_272' title='bbox 622 2258 683 2291; x_wconf 87' lang='lat'>138.</span> <span class='ocrx_word' id='word_1_273' title='bbox 714 2260 758 2291; x_wconf 83' lang='lat' dir='ltr'><strong>De</strong></span> <span class='ocrx_word' id='word_1_274' title='bbox 776 2260 874 2292; x_wconf 82' lang='lat' dir='ltr'><strong>beata</strong></span> <span class='ocrx_word' id='word_1_275' title='bbox 894 2260 997 2293; x_wconf 85' lang='lat' dir='ltr'><strong>Maria</strong></span> <span class='ocrx_word' id='word_1_276' title='bbox 1016 2262 1052 2294; x_wconf 88' lang='lat' dir='ltr'><strong>V.</strong></span> 
     </span>
    </p>
   </div>
   <div class='ocr_carea' id='block_1_18' title="bbox 198 2328 764 2514">
    <p class='ocr_par' dir='ltr' id='par_1_19' title="bbox 198 2328 741 2466">
     <span class='ocr_line' id='line_1_63' title="bbox 198 2328 741 2371; baseline 0.002 -10"><span class='ocrx_word' id='word_1_277' title='bbox 198 2328 216 2362; x_wconf 88' lang='lat'>1</span> <span class='ocrx_word' id='word_1_278' title='bbox 229 2337 257 2361; x_wconf 89' lang='lat' dir='ltr'><strong>a.</strong></span> <span class='ocrx_word' id='word_1_279' title='bbox 284 2328 389 2370; x_wconf 83' lang='lat' dir='ltr'><strong>Salve,</strong></span> <span class='ocrx_word' id='word_1_280' title='bbox 419 2338 536 2370; x_wconf 82' lang='lat' dir='ltr'><strong>parens</strong></span> <span class='ocrx_word' id='word_1_281' title='bbox 561 2329 741 2371; x_wconf 86' lang='lat' dir='ltr'><strong>singularis,</strong></span> 
     </span>
     <span class='ocr_line' id='line_1_64' title="bbox 283 2376 734 2419; baseline 0.002 -11"><span class='ocrx_word' id='word_1_282' title='bbox 283 2376 358 2408; x_wconf 87' lang='lat' dir='ltr'><strong>Sola</strong></span> <span class='ocrx_word' id='word_1_283' title='bbox 383 2386 494 2410; x_wconf 85' lang='lat' dir='ltr'><strong>carens</strong></span> <span class='ocrx_word' id='word_1_284' title='bbox 516 2377 614 2408; x_wconf 89' lang='lat' dir='ltr'><strong>laude</strong></span> <span class='ocrx_word' id='word_1_285' title='bbox 636 2378 734 2419; x_wconf 84' lang='lat' dir='ltr'><strong>paris,</strong></span> 
     </span>
     <span class='ocr_line' id='line_1_65' title="bbox 281 2424 715 2466; baseline 0.002 -11"><span class='ocrx_word' id='word_1_286' title='bbox 281 2424 361 2463; x_wconf 82' lang='lat' dir='ltr'><strong>Quia</strong></span> <span class='ocrx_word' id='word_1_287' title='bbox 384 2434 493 2466; x_wconf 88' lang='lat' dir='ltr'><strong>parem</strong></span> <span class='ocrx_word' id='word_1_288' title='bbox 517 2424 596 2456; x_wconf 88' lang='lat' dir='ltr'><strong>nulli</strong></span> <span class='ocrx_word' id='word_1_289' title='bbox 627 2425 715 2465; x_wconf 88' lang='lat' dir='ltr'><strong>paris</strong></span> 
     </span>
    </p>

    <p class='ocr_par' dir='ltr' id='par_1_20' title="bbox 328 2471 764 2514">
     <span class='ocr_line' id='line_1_66' title="bbox 328 2471 764 2514; baseline 0.002 -11"><span class='ocrx_word' id='word_1_290' title='bbox 328 2471 495 2505; x_wconf 88' lang='lat' dir='ltr'><strong>Hominem</strong></span> <span class='ocrx_word' id='word_1_291' title='bbox 522 2481 592 2504; x_wconf 90' lang='lat' dir='ltr'><strong>cum</strong></span> <span class='ocrx_word' id='word_1_292' title='bbox 618 2472 764 2514; x_wconf 82' lang='lat' dir='ltr'><strong>numiue3</strong></span> 
     </span>
    </p>
   </div>
   <div class='ocr_carea' id='block_1_19' title="bbox 879 2332 1447 2512">
    <p class='ocr_par' dir='ltr' id='par_1_21' title="bbox 879 2332 1446 2376">
     <span class='ocr_line' id='line_1_67' title="bbox 879 2332 1446 2376; baseline 0 -10"><span class='ocrx_word' id='word_1_293' title='bbox 879 2332 941 2366; x_wconf 85' lang='lat' dir='ltr'><strong>lb.</strong></span> <span class='ocrx_word' id='word_1_294' title='bbox 967 2333 1073 2373; x_wconf 82' lang='lat' dir='ltr'><strong>Virgo,</strong></span> <span class='ocrx_word' id='word_1_295' title='bbox 1100 2333 1201 2365; x_wconf 86' lang='lat' dir='ltr'><strong>lactas</strong></span> <span class='ocrx_word' id='word_1_296' title='bbox 1226 2333 1288 2366; x_wconf 90' lang='lat' dir='ltr'><strong>Dei</strong></span> <span class='ocrx_word' id='word_1_297' title='bbox 1311 2334 1446 2376; x_wconf 86' lang='lat' dir='ltr'><strong>prolem,</strong></span> 
     </span>
    </p>

    <p class='ocr_par' dir='ltr' id='par_1_22' title="bbox 964 2380 1447 2419">
     <span class='ocr_line' id='line_1_68' title="bbox 964 2380 1447 2419; baseline 0.004 -7"><span class='ocrx_word' id='word_1_298' title='bbox 964 2380 1076 2419; x_wconf 75' lang='lat' dir='ltr'><strong>Stella,</strong></span> <span class='ocrx_word' id='word_1_299' title='bbox 1104 2380 1227 2413; x_wconf 84' lang='lat' dir='ltr'><strong>claudis</strong></span> <span class='ocrx_word' id='word_1_300' title='bbox 1251 2382 1321 2414; x_wconf 87' lang='lat' dir='ltr'><strong>sola</strong></span> <span class='ocrx_word' id='word_1_301' title='bbox 1347 2382 1447 2414; x_wconf 84' lang='lat' dir='ltr'><strong>solem</strong></span> 
     </span>
    </p>

    <p class='ocr_par' dir='ltr' id='par_1_23' title="bbox 962 2428 1437 2512">
     <span class='ocr_line' id='line_1_69' title="bbox 962 2428 1437 2469; baseline 0.002 -9"><span class='ocrx_word' id='word_1_302' title='bbox 962 2428 1007 2460; x_wconf 87' lang='lat' dir='ltr'><strong>Et</strong></span> <span class='ocrx_word' id='word_1_303' title='bbox 1032 2428 1153 2461; x_wconf 83' lang='lat' dir='ltr'><strong>moliris</strong></span> <span class='ocrx_word' id='word_1_304' title='bbox 1179 2429 1284 2461; x_wconf 78' lang='lat' dir='ltr'><strong>carnis</strong></span> <span class='ocrx_word' id='word_1_305' title='bbox 1309 2430 1437 2469; x_wconf 69' lang='lat' dir='ltr'><strong>molem,</strong></span> 
     </span>
     <span class='ocr_line' id='line_1_70' title="bbox 1012 2475 1378 2512; baseline 0.005 -6"><span class='ocrx_word' id='word_1_306' title='bbox 1012 2475 1085 2508; x_wconf 87' lang='lat' dir='ltr'><strong>Vim</strong></span> <span class='ocrx_word' id='word_1_307' title='bbox 1114 2475 1225 2508; x_wconf 84' lang='lat' dir='ltr'><strong>electri</strong></span> <span class='ocrx_word' id='word_1_308' title='bbox 1247 2477 1378 2512; x_wconf 87' lang='lat' dir='ltr'><strong>lumine.</strong></span> 
     </span>
    </p>
   </div>
  </div>
 </body>
</html>
