1651 2700
226 297 281 330 81.

222 704 277 737 82,

219 1108 275 1140 83.

216 1514 270 1546 84.

215 1918 270 1951 85.

216 2326 271 2358 86.

309 296 414 329 Clavis
436 296 553 337 David,

357 353 436 383 quae
461 345 580 376 caelum
606 343 722 386 aperis,

308 391 332 423 Ο
357 391 473 433 Maria,

354 447 485 470 succure
513 438 648 481 miseris,

308 485 368 524 Qui
389 485 553 517 tormentis

352 534 539 572 torquentur
562 531 694 572 asperia

304 579 397 611 Educ
422 588 474 611 eos

353 626 393 657 de
419 627 510 657 domo
536 626 684 658 carceris,

303 702 371 734 Lex
395 702 558 743 iustorum,

350 757 461 780 norma
486 749 691 789 credentium,

303 796 388 827 Vera
409 796 495 828 salus

349 843 382 874 in
411 845 444 874 te
466 844 672 885 sperantium,

302 890 365 921 Pro
392 888 549 921 defunctis

351 937 393 968 sit
415 937 475 969 tibi
500 937 639 969 studium

303 983 435 1024 Semper
463 987 551 1016 tuum

348 1040 440 1063 orare
463 1031 574 1065 filium.

301 1106 485 1147 Benedicta,

348 1163 406 1193 per
430 1157 486 1185 tua
509 1155 623 1186 merita

301 1201 347 1232 Te
370 1210 527 1241 rogamus,

347 1251 487 1280 mortuos
511 1249 631 1280 suscita

300 1295 344 1326 Et
366 1295 527 1327 dimittens

348 1351 455 1374 eorum
483 1342 590 1374 debita

298 1389 353 1421 Ad
377 1390 516 1429 requiem

346 1436 389 1467 sis
415 1438 459 1468 eis
483 1438 604 1470 semita.

298 1512 336 1543 In
359 1512 523 1543 tremendo

344 1558 405 1590 Dei
429 1559 558 1599 iudicio,

298 1605 429 1644 Quando
454 1605 510 1637 fiet

345 1653 457 1683 stricta
482 1653 645 1697 discussio,

296 1699 387 1731 Tunc
411 1699 507 1730 etiam

345 1746 492 1786 supplica
515 1747 592 1787 filio,

296 1792 340 1825 Ut
366 1794 406 1824 sit
430 1793 522 1825 nobis

346 1849 414 1871 cum
441 1842 559 1873 sanctis
583 1843 699 1881 portio.

297 1916 373 1948 Dies
398 1917 465 1957 illa,

347 1964 413 1995 dies
438 1965 602 2008 terribilis,

295 2011 374 2042 Dies
398 2012 489 2043 malis

342 2059 563 2100 intolerabilis,

298 2105 361 2136 Sed
384 2109 429 2144 tu,
455 2109 566 2148 mater,

343 2153 388 2184 sis
417 2153 639 2195 deprecabilis,

295 2199 372 2240 Fac,
399 2200 442 2231 sit
464 2201 555 2233 nobis

343 2247 440 2279 iudex
464 2248 642 2288 placabilis

296 2323 358 2355 Illa
379 2323 431 2356 die

343 2374 450 2403 tantus
476 2371 656 2404 servabitur

295 2418 404 2459 Rigor,
437 2419 521 2459 quod
547 2419 599 2452 vix

341 2468 443 2498 iustus
468 2467 653 2508 salvabitur,

737 198 993 233 —184—

904 513 960 544 87.

902 919 957 952 88.

899 1325 953 1357 89.

897 1732 952 1764 90.

894 2139 950 2174 91.

986 294 1087 326 Nemo
1111 302 1184 326 reus

1032 340 1268 384 iustificabitur,

987 388 1051 421 Sed
1075 388 1207 429 singulis

1032 436 1082 468 ius
1107 445 1198 469 suum
1224 435 1362 469 dabitur.

986 511 1053 543 Nos
1078 512 1225 543 timemus

1034 559 1117 591 diem
1144 559 1265 600 iudicii,

984 606 1064 645 Quia
1087 607 1171 638 male

1032 654 1072 685 de
1094 654 1188 686 nobis
1214 654 1343 695 conscii,

983 700 1047 733 Sed
1073 704 1117 740 111,
1144 703 1246 732 mater

1032 749 1145 780 summi
1171 749 1306 790 consilii,

984 796 1069 828 Para
1093 796 1186 828 nobis

1032 844 1137 875 locum
1161 841 1287 883 refugii.

983 919 1074 951 Tunc
1096 920 1197 951 iratus

1029 966 1127 999 iudex
1151 965 1310 1005 adveniet,

983 1013 1184 1054 Singulorum

1030 1070 1141 1093 causas
1169 1060 1319 1094 discutiet

982 1108 1219 1148 Personamque

1028 1156 1148 1187 nullam
1173 1155 1321 1195 accipiet,

980 1202 1031 1233 De
1056 1203 1188 1243 singulis

1027 1250 1111 1282 iuste
1138 1248 1279 1282 definiet.

981 1324 1185 1358 Horrendum
1212 1328 1260 1356 est

1026 1372 1109 1404 illud
1133 1372 1296 1414 iudicium,

979 1419 1017 1451 In
1041 1429 1101 1461 quo
1126 1420 1249 1452 nullum

1029 1468 1091 1498 erit
1114 1466 1283 1507 refugium,

980 1513 1044 1546 Sed
1069 1515 1205 1554 quilibet

1026 1570 1161 1601 poenam
1187 1565 1220 1593 et
1242 1563 1419 1602 praemium

976 1608 1134 1650 Recipiet‚

1024 1656 1086 1687 hoc
1110 1666 1174 1689 non
1199 1659 1248 1687 est
1273 1656 1414 1691 dubium.

977 1732 1084 1763 Iustus
1108 1732 1206 1764 iudex

1027 1779 1132 1811 dando
1158 1780 1347 1811 sententiam

976 1825 1050 1857 Non
1075 1825 1173 1858 faciet

1025 1873 1117 1912 iustis
1143 1874 1292 1906 iniuriam

976 1920 1046 1952 Nec
1069 1921 1196 1954 iniustis

1024 1967 1122 2001 faciet
1145 1969 1290 2010 gratiam,

978 2016 1041 2049 Sed
1066 2017 1191 2049 tenebit

1024 2065 1169 2097 strictam
1193 2065 1359 2101 iustitiam.

976 2139 1021 2172 Et
1044 2140 1119 2173 ideo

1024 2197 1110 2220 nunc
1135 2198 1241 2222 coram
1265 2190 1373 2222 iudice

976 2235 1041 2267 Pro
1065 2237 1192 2269 miseris

1024 2286 1057 2315 te
1081 2285 1185 2324 ipsam
1210 2285 1312 2327 obice,

978 2331 1057 2363 Cum
1081 2331 1159 2374 filio,

1024 2379 1130 2423 beata,
1157 2379 1287 2422 perfice,

978 2425 1024 2457 Ut
1047 2427 1212 2460 nobiscum

1026 2477 1098 2513 agat
1124 2474 1267 2514 pacifice.
