1651 2700
247 264 289 297 19
301 273 330 298 a.

247 474 290 506 20
300 482 328 505 a.

245 682 287 713 21
299 690 328 713 a.

245 890 287 920 22
300 898 328 920 a.

243 1051 285 1084 23
296 1060 324 1085 a.

243 1214 288 1245 24
296 1221 324 1244 a.

243 1423 285 1455 25
298 1431 326 1456 a.

245 1632 289 1663 26
300 1641 328 1664 a.

248 1840 290 1872 27
301 1849 330 1872 a.

245 1955 288 1987 28
299 1963 327 1988 a.

244 2020 288 2052 29
299 2030 328 2052 a.

250 2183 293 2215 30
303 2192 331 2214 a.

264 2344 291 2376 :1
303 2355 332 2380 a.

767 162 1002 197 „82-

357 264 381 296 O
409 264 551 296 diescens
575 272 635 304 per
657 262 752 294 inane

358 311 445 344 Caeli
467 311 581 352 fulgor,
607 310 737 342 rubrum
753 315 855 349 mane,

356 358 471 391 Cordis
496 358 596 389 nubes
620 359 651 389 et
675 354 829 396 profanae

404 405 523 438 Mentis
548 405 676 436 umbras
699 403 799 442 abige,

355 472 459 512 Salve,
484 471 567 504 veris
591 470 649 502 flos
676 469 839 507 decorans,

354 520 459 552 Favus
481 518 603 551 stillans
621 525 659 549 ac
677 516 856 556 dulcorans,

354 567 474 606 Liquor
500 566 579 597 caeli
602 563 697 595 melle
718 571 840 603 rorans,

404 612 590 646 Praedulcis
614 611 777 643 securitas.

354 680 514 712 Matutina
536 679 591 710 lux
615 677 785 710 rubescens

352 727 396 760 Et
420 734 535 758 aurora
558 724 785 765 refu1gescen5,

352 773 401 807 De
418 783 480 813 qua
491 773 608 805 mundo
620 773 668 805 sol
679 773 854 815 ignescens,

403 821 491 853 Deus
515 820 608 852 homo
633 820 771 859 prodiit:

355 888 435 920 Auri
460 888 565 929 prima
589 887 676 920 redit
699 891 786 920 aetas

351 935 396 968 Et
420 936 569 968 decursas
595 936 720 976 quaerit
743 937 855 978 metas,

404 983 507 1024 Hanc,
533 983 633 1024 virgo,
659 983 855 1025 reciprocas3

352 1050 376 1082 Ο
401 1050 434 1081 in
459 1052 561 1083 matre
585 1059 803 1092 permansura,

353 1098 453 1130 Nulla
477 1107 533 1130 sua
557 1098 696 1138 perdens
720 1099 803 1139 iura,

404 1147 549 1187 Augusta
572 1146 756 1188 virginitas;

352 1212 449 1252 Virga
472 1213 560 1245 Iesse
586 1216 620 1245 te
643 1213 761 1252 vitalis,

353 1260 483 1302 Fructu.
509 1258 588 1292 flore
612 1261 754 1302 genialis,

352 1307 416 1340 Res
442 1308 600 1347 quondam
621 1308 810 1349 prodigialis

404 1355 627 1395 Praesignavit
649 1357 766 1397 typice.

352 1423 432 1463 Ave,
458 1422 590 1455 verbum
615 1424 750 1465 actuale,

352 1470 553 1510 sempiterna
575 1471 672 1503 laude
695 1472 776 1513 vale,

353 1517 402 1550 Tu
428 1517 577 1549 conclave
601 1519 756 1558 virginale

403 1565 483 1606 Regi
508 1574 617 1605 regum
642 1564 832 1601 fecunditas

353 1631 419 1664 Hic
443 1631 587 1671 altiloqui
610 1632 754 1665 Platonis

355 1680 472 1712 Sensus
496 1679 600 1723 hebet,
629 1679 791 1713 Ciceronis

353 1725 398 1758 Et
421 1735 483 1758 vox
508 1726 615 1758 Publii
637 1727 782 1760 Maronis

404 1773 444 1805 In
466 1774 624 1813 loquendo
652 1774 712 1807 defi
717 1776 769 1809 cit.

357 1839 481 1872 Novum
507 1849 586 1880 opus
611 1842 775 1882 geniturae

407 1887 477 1920 Sibi
500 1889 598 1920 sumit
620 1888 739 1931 opifex,

355 1955 380 1987 Ο
408 1954 503 1995 digna
528 1956 700 1989 credulitas
711 1959 717 1989 l

353 2021 418 2053 Res
441 2021 619 2066 probanda,
643 2024 727 2057 mira
747 2026 830 2068 iura,

358 2068 449 2107 Quod
474 2069 610 2102 humana
635 2071 692 2103 sub
717 2072 820 2113 figura

405 2115 492 2147 Deus
517 2116 609 2149 homo
633 2119 735 2163 latuit,

356 2181 485 2214 Caelum
509 2184 615 2215 terrae
639 2192 674 2215 se
692 2186 859 2229 conclinat‚

359 2229 456 2262 Petra
482 2229 561 2261 caeli
583 2232 648 2263 mel
671 2235 831 2274 propinat,

407 2277 530 2310 Umbra
554 2278 615 2309 soli
638 2278 789 2321 iungitur,

359 2345 384 2378 Ο
420 2343 598 2376 scintillans
625 2346 679 2377 lux
703 2346 737 2377 in
763 2348 859 2387 caelo,

356 2392 430 2425 Non
460 2391 600 2431 caligans
625 2392 756 2425 umbrae
779 2395 860 2437 velo,

410 2440 503 2473 Omni
526 2449 606 2482 puro
631 2441 758 2482 purior3

925 259 1005 293 19b.

924 467 1006 501 20b.

923 678 964 710 21
974 677 1006 710 b.

923 888 968 920 22
978 888 1010 922 b.

924 1053 967 1084 23
974 1051 1005 1083 b.

924 1214 969 1247 24
975 1214 1007 1247 b.

924 1426 967 1458 25
975 1425 1006 1458 b.

925 1636 970 1668 26
978 1634 1011 1667 b.

927 1846 969 1878 27
979 1845 1013 1878 b.

927 1960 969 1992 28
979 1959 1011 1993 b.

925 2026 1009 2060 291³.

927 2188 1011 2222 30b.

934 2350 1018 2383 3110.

1033 260 1080 293 Ut
1102 259 1136 291 in
1162 258 1259 291 corde
1283 263 1315 291 te
1339 257 1470 291 vidente

1032 306 1122 338 Moto
1146 308 1230 346 voto,
1256 310 1364 339 mente
1382 304 1479 337 flente

1031 353 1258 386 Lamentemur
1282 356 1314 386 et
1336 353 1459 385 intente

1083 400 1203 433 Locum
1229 402 1339 433 demus
1364 399 1486 433 veniae.

1031 468 1112 508 Ave,
1139 476 1263 509 gemma
1288 467 1471 508 candidata,

1032 515 1081 546 Tu
1107 516 1277 556 crystallus
1301 515 1459 557 inaurata,

1032 562 1123 594 Labe
1146 563 1235 595 nulla
1261 561 1426 604 deflorata,

1085 610 1217 652 Semper
1238 609 1356 642 florens
1381 610 1516 650 puritas.

1032 676 1153 718 Fulgor
1177 678 1280 709 noctis
1305 680 1340 708 tu
1365 678 1485 710 lunaris

1032 724 1078 757 Et
1100 725 1133 757 in
1157 726 1230 757 luce
1251 725 1306 757 lux
1331 726 1456 768 solaris,

1033 772 1139 805 Solem
1162 773 1280 805 mundo
1306 773 1402 805 stella
1424 774 1522 817 paris,

1084 821 1148 853 Per
1173 823 1207 852 te
1230 821 1318 853 salus
1341 821 1449 855 rediit.

1036 888 1100 920 Per
1124 890 1158 920 te
1180 888 1270 920 sidus
1295 887 1413 920 ioviale

1032 935 1155 969 Mundo
1180 935 1316 975 praebet
1339 944 1374 967 se
1398 937 1519 980 pacale‚

1087 983 1136 1015 Tu
1160 986 1320 1016 austerum
1345 992 1486 1018 revocas,

1032 1051 1120 1084 Rosa
1142 1050 1261 1083 florens
1286 1052 1320 1084 in
1345 1051 1471 1094 rubore,

1033 1097 1111 1131 Flos
1135 1099 1323 1131 humescens
1346 1099 1420 1132 vivo
1444 1109 1525 1142 rore,

1086 1147 1185 1186 Quem
1211 1146 1330 1187 rigavit
1353 1148 1490 1181 trinitas.

1032 1211 1119 1245 Nam
1142 1221 1202 1254 per
1225 1212 1339 1247 florem
1362 1213 1519 1257 figuratis,

1033 1262 1132 1302 Virgo
1157 1263 1261 1293 mater
1285 1262 1472 1304 appellariS‚

1036 1310 1115 1343 Cum
1124 1310 1158 1342 in
1167 1308 1307 1342 fructum
1317 1311 1538 1351 complantatis

1086 1358 1149 1390 Per
1173 1357 1245 1390 Ave
1267 1357 1411 1390 mirifice.

1035 1424 1059 1457 O
1085 1425 1234 1458 miranda
1256 1427 1369 1465 partus
1393 1426 1473 1468 iura,

1034 1472 1058 1505 O
1077 1482 1171 1513 quam
1189 1473 1295 1514 digna,
1314 1482 1332 1505 0
1346 1483 1437 1514 quam
1449 1483 1536 1518 pura,

1036 1520 1136 1559 Quam
1157 1521 1294 1554 miratur
1319 1524 1352 1553 et
1372 1525 1486 1554 natura

1084 1568 1130 1600 Et
1153 1577 1265 1601 sensns
1288 1568 1501 1610 profunditas.

1035 1634 1136 1668 Nulla
1159 1640 1297 1676 prosunt
1320 1637 1399 1669 artis
1424 1637 1498 1679 tela,

1037 1682 1128 1715 Nihil
1153 1684 1219 1724 agit
1242 1685 1296 1717 hic
1319 1685 1455 1725 loquela,

1038 1729 1102 1763 Sed
1127 1740 1246 1764 arcana
1269 1733 1331 1765 Dei
1355 1734 1428 1766 vela

1089 1778 1164 1811 Sola
1187 1778 1269 1812 fides
1293 1782 1460 1821 perspicit.

1040 1845 1155 1879 Artem
1180 1845 1267 1879 fallit
1289 1848 1342 1880 hic
1365 1851 1498 1881 naturae

1087 1894 1164 1934 Ipse
1187 1904 1328 1928 summus
1352 1896 1481 1929 artifeX.

1038 1960 1063 1993 Ο
1091 1962 1253 1994 credenda
1278 1963 1434 2004 dignitas!

1034 2027 1127 2066 Quod
1151 2028 1211 2061 sub
1236 2030 1310 2070 alga
1333 2040 1409 2063 rosa
1431 2031 1525 2072 luxit,

1037 2074 1548 2120 Gemmamlutumquodobduxit,

1088 2123 1176 2162 Quae
1200 2134 1264 2157 non
1287 2126 1392 2159 minus
1417 2127 1531 2168 patuit.

1038 2188 1160 2221 Cedrus
1186 2190 1267 2223 latet
1290 2192 1349 2224 sub
1375 2193 1509 2237 hysopo,

1036 2236 1108 2268 Lux
1134 2237 1169 2268 in
1200 2236 1297 2281 fumo,
1324 2242 1383 2273 tali
1407 2245 1502 2283 tropo

1090 2284 1196 2317 Terra
1222 2288 1310 2320 caelo
1337 2288 1492 2331 fungitur.

1044 2350 1160 2384 Planta
1184 2361 1258 2385 rore
1282 2358 1318 2387 tu
1341 2356 1474 2401 imbuta,

1040 2398 1149 2431 Imbre
1173 2398 1235 2431 Dei
1259 2405 1295 2434 tu
1319 2405 1457 2447 perluta,

1093 2445 1213 2480 Secura
1236 2450 1389 2485 securior.
