1651 2700
738 175 994 211 —152—

231 275 285 308 12.
311 275 382 307 Hoc
406 278 438 307 in
463 276 542 308 mari
568 275 757 315 remigantes

224 1089 277 1120 14.

221 1495 274 1526 15.

220 1899 274 1932 16.

217 2306 271 2339 17.

312 323 357 355 Et
380 324 530 363 procellis
553 321 753 360 fluctuantes,

314 371 337 403 O
363 371 479 412 Maria,
504 374 537 401 te
556 369 724 401 laudantes

359 420 531 450 Aeternam
550 417 611 448 duc
629 416 669 447 ad
686 415 834 456 patriam,

311 465 376 496 Nos
402 465 535 496 dulcedo
560 466 769 501 terrenarum,

310 513 444 545 Carmen
468 518 564 543 suave
589 509 771 541 Sirenarum

309 559 427 591 Lacum
456 559 602 598 mergunt
622 556 655 587 in
681 564 832 597 amarum,

354 606 426 637 Nisr
449 608 541 645 petas
561 604 697 636 veniam.

253 684 283 715 ἓ.
312 681 510 713 consolando
538 680 722 719 desperatos

311 728 375 759 Nos
399 728 542 767 ingratos
568 726 668 758 redde
692 729 810 767 gratos,

309 774 532 807 Confirmando
559 772 765 806 defraudatos

353 822 391 854 In
417 822 498 854 viam
523 821 612 862 pacis
640 821 759 864 dirige3

304 869 401 909 Virgo
426 872 547 908 sancta,
572 868 650 908 quid
673 866 832 900 moraris?

305 915 415 956 Surge,
440 917 512 956 scis,
539 916 623 955 quod
644 916 828 954 honoraris;

302 963 420 996 Natum
451 973 549 1003 quare
573 972 635 994 non
660 961 829 1003 precaris?

348 1011 476 1043 Orando
501 1011 607 1051 lapsos
633 1011 729 1050 erige.

303 1086 394 1118 Mhil
419 1088 475 1130 est,
503 1086 586 1126 quod
612 1086 672 1117 tibi
695 1089 798 1130 neget,

300 1134 379 1173 Quia
395 1134 466 1173 soit,
492 1133 576 1173 quod
592 1134 728 1165 mundus
746 1137 828 1176 eget,

302 1181 348 1213 Te
372 1186 523 1219 poscente
549 1181 646 1212 corda
670 1184 759 1221 reget

350 1227 470 1267 Spiritu
496 1227 637 1267 consilii3

302 1275 419 1314 Culpas
447 1276 526 1314 dele,
551 1283 591 1306 ne
616 1275 766 1314 tarderis,

300 1322 346 1354 Ut
370 1331 389 1353 a
412 1322 503 1354 nobis
528 1322 699 1361 venereris,

298 1370 404 1402 Mater
428 1368 547 1410 sancta,
575 1370 651 1409 quid
675 1371 797 1402 vereris

348 1417 448 1456 Opem
473 1416 559 1449 ferre
582 1415 665 1448 filii?

301 1491 400 1523 Nulla
423 1493 525 1524 virtus
550 1492 721 1531 repulsiva,

300 1539 435 1570 Florens
460 1549 542 1578 rosa,
568 1548 642 1578 pax,
669 1540 763 1579 oliva,

298 1586 344 1617 Te
368 1586 524 1626 molestat,
552 1587 661 1618 reddis
686 1587 768 1628 viva,

345 1633 435 1665 Mors
448 1642 580 1673 quorum
588 1634 656 1664 vita
665 1635 807 1673 pascitur
817 1644 824 1674 ς

300 1680 378 1711 Ores
405 1689 489 1720 ergo,
516 1688 557 1712 ne
581 1680 727 1712 draconis

301 1727 385 1758 Esca
403 1728 500 1759 simus
525 1727 576 1760 vel
600 1727 710 1767 leonis,

302 1774 428 1806 Praeda
456 1775 553 1806 simus
577 1783 619 1805 ne
641 1776 824 1816 praedonis,

347 1821 467 1862 Nqstra
492 1822 546 1862 qui
568 1826 671 1853 morte
694 1823 801 1864 alitur,

300 1897 344 1929 Et
367 1906 408 1929 ne
432 1896 566 1930 flammis
592 1899 812 1940 accendamur,

301 1947 330 1977 A
354 1948 501 1987 serpente
525 1954 565 1977 ne
589 1946 739 1978 rodamur

301 1992 345 2023 Et
368 1992 408 2024 ab
434 1993 525 2024 hoste
548 2001 590 2024 ne
610 1993 803 2035 stringamur

347 2039 411 2071 Sub
437 2049 610 2079 poenarum
635 2041 786 2083 vinculis3

299 2086 351 2118 Ibi
377 2087 467 2118 dolor
490 2087 643 2128 infinitus,

298 2133 364 2165 Ubi
387 2134 479 2173 punit
503 2143 560 2166 nos
585 2135 715 2174 punitus

298 2180 409 2212 Hostis
433 2184 539 2213 terrae
564 2184 596 2212 et
619 2184 747 2215 attritus

346 2228 494 2260 Plurimis
520 2229 682 2268 periculis,

299 2304 402 2348 Salve,
429 2305 528 2344 salva,
555 2313 673 2344 sponsa
696 2306 826 2348 Christi,

297 2352 375 2394 Hos,
401 2361 479 2392 quos
504 2352 615 2392 poenis
642 2354 797 2397 exemisti,

299 2399 430 2439 Quando
455 2399 558 2432 Deum
583 2401 719 2440 genuisti

345 2448 452 2480 David
477 2457 516 2481 ex
540 2447 642 2488 stirpe
665 2448 799 2491 nobilis3

909 491 962 523 18.

902 899 957 932 19.

897 1305 952 1337 20.

897 1712 953 1743 21.

897 2121 952 2152 22.

991 272 1195 311 Tempestate
1219 280 1260 302 ne
1281 278 1472 312 mergamur,

989 319 1040 350 Ne
1063 318 1214 359 procellis
1240 318 1423 354 obruamur,

988 366 1019 398 A
1044 364 1169 406 spineto
1194 374 1235 396 ne
1259 374 1447 406 pungamur,

1037 412 1195 454 Concede,
1222 412 1426 445 venerabilis.

986 490 1035 521 Tu
1060 497 1177 521 aurora
1200 489 1278 520 solis
1300 491 1404 520 ortum

987 536 1191 569 Antecedens
1215 536 1280 567 iam
1307 538 1461 576 exortum,

988 584 1082 616 Stilla
1106 583 1220 626 mellis,
1247 584 1333 623 rigas
1359 583 1486 615 hortum

1037 631 1165 671 Sponsi,
1192 631 1245 670 qui
1272 629 1456 670 confloruit;

987 679 1025 711 In
1051 687 1111 719 quo
1136 676 1231 710 flores
1257 679 1346 718 quasi
1370 678 1456 718 vitis,

985 726 1096 767 Tactu,
1125 724 1241 769 fructu,
1269 730 1363 766 gustu
1387 726 1484 765 mitis,

988 773 1066 806 Cum
1091 782 1111 804 a
1136 773 1209 805 vino
1233 774 1345 806 mundi
1370 773 1440 804 sitis

1033 822 1102 854 Iam
1128 821 1304 853 exstinctus
1329 820 1462 855 maduit.

985 897 1075 930 Calix
1100 896 1162 928 Dei
1188 900 1220 928 et
1241 898 1437 939 praeclarus,

984 945 1064 977 Vino
1089 944 1213 985 plenus,
1240 945 1293 976 hic
1318 953 1455 987 amarus,

982 992 1020 1024 In
1045 991 1152 1024 futuro
1180 992 1293 1035 duleis,
1322 1001 1424 1034 carus,

1028 1040 1092 1072 Hie
1116 1040 1144 1070 si
1167 1039 1415 1079 inebriabimur3

980 1087 1070 1119 Faex
1088 1084 1184 1129 (eius)
1198 1096 1262 1118 non
1277 1091 1326 1118 est
1339 1087 1511 1128 exinanita,

980 1134 1166 1166 Psalmodia
1190 1135 1280 1165 testis
1305 1135 1363 1177 ita,

982 1182 1189 1213 Peccatorum
1213 1191 1276 1213 non
1302 1182 1412 1224 oblita,

1026 1229 1078 1261 Ab
1103 1228 1175 1268 ipsa
1199 1238 1273 1261 nam
1297 1229 1492 1270 potabimur.

978 1305 1077 1345 Ergo,
1103 1304 1193 1344 virgo
1219 1305 1379 1345 specialis,

979 1353 1066 1385 Fons
1092 1352 1233 1391 signatus
1259 1352 1425 1392 spiritalis,

980 1399 1113 1431 Gemma
1138 1398 1263 1440 fulgens
1289 1400 1465 1443 virginalis,

1027 1447 1116 1479 Evae
1142 1448 1267 1488 culpam
1292 1448 1406 1488 ablue3

982 1494 1087 1534 Caput
1111 1494 1233 1534 antiqui
1257 1495 1415 1535 serpentis

979 1542 1068 1574 Pede
1091 1545 1161 1573 tere
1185 1551 1243 1574 nos
1268 1543 1438 1585 laedentis,

980 1588 1044 1621 Cor
1070 1590 1210 1621 concede
1233 1590 1439 1631 paenitentis,

1026 1637 1145 1669 Beatus
1170 1640 1297 1669 nostros
1318 1639 1414 1671 dilue.

978 1711 1098 1753 Mater,
1124 1714 1234 1743 natum
1258 1713 1421 1745 exorando

977 1758 1023 1791 Et
1046 1767 1106 1799 pro
1130 1758 1222 1791 nobis
1248 1761 1471 1803 supplicando,

980 1805 1047 1838 Nos
1071 1807 1106 1838 in
1130 1806 1223 1839 bonis
1250 1810 1480 1851 conservando,

1025 1854 1125 1895 Iunge
1151 1855 1232 1886 caeli
1258 1856 1397 1896 civibus;

979 1901 1026 1933 Ut
1051 1910 1120 1933 cum
1145 1902 1225 1943 ipsis
1251 1904 1426 1948 epulemur,

981 1948 1216 1990 Congaudendo
1243 1952 1461 1993 collaetemur,

979 1996 1057 2028 Visu
1081 1997 1142 2030 Dei
1166 1998 1377 2031 iucundemur

1025 2045 1222 2086 Angelorum
1248 2047 1389 2079 sedibuS.

980 2120 1134 2153 Creatura
1157 2121 1219 2153 Dei
1242 2131 1359 2167 sumus,

979 2166 1060 2200 Caro
1086 2171 1196 2200 nostra
1221 2170 1310 2202 velut
1333 2171 1458 2213 humus,

979 2215 1055 2247 Vita
1079 2215 1190 2248 volans
1212 2218 1303 2257 quasi
1327 2218 1443 2260 fumus,

1027 2264 1249 2296 Pertransiens
1274 2267 1485 2307 opprimitur-3

980 2310 1037 2342 Fit
1061 2314 1092 2342 et
1116 2311 1209 2343 homo
1235 2314 1325 2352 quasi
1349 2313 1453 2354 fimus,

978 2357 1064 2389 Dum
1093 2360 1251 2399 putrescit.
1275 2363 1381 2393 terrae
1403 2362 1510 2404 limus,

979 2405 1087 2447 Virgo,
1114 2405 1199 2447 vide,
1224 2408 1334 2447 quales
1360 2409 1469 2451 simus,

1025 2453 1159 2485 Miseria
1185 2454 1404 2494 deprimimur.
