1651 2700
716 175 761 181 —
812 154 975 190 100—-

644 250 690 281 64.
721 249 763 280 De
782 247 877 280 beata
899 247 1000 279 Maria
1020 247 1054 279 V.

293 304 413 343 Gaude,
441 313 514 336 rosa
538 302 691 343 speciosa,
970 298 1020 332 Ne
1047 299 1080 331 in
1105 299 1222 331 mundo
1248 299 1309 332 hoe
1336 297 1496 334 cadamus,

294 351 424 384 Gemma
448 351 619 390 splendens
644 349 793 390 pretiosa,
970 347 1016 379 Te
1037 347 1166 379 iuvante
1190 347 1370 386 evadamus,

295 399 392 439 Virga
414 399 501 431 Iesse
525 396 695 434 fructuosa,
969 394 1068 433 Lapsi
1093 402 1151 433 per
1176 397 1207 425 te
1232 402 1443 434 resurgamus.

293 447 391 478 Deum
420 446 500 476 caeli
522 444 685 484 peperisti,
971 441 1068 481 Virgo
1096 441 1197 473 duleis
1222 450 1349 483 parens,

238 495 268 525 5.
294 493 415 525 Mundo
441 492 531 532 lapso
557 491 751 532 succurristi,
888 490 943 522 40.
970 489 1071 521 Tactu
1099 488 1157 520 viri
1184 497 1305 529 carens,

294 540 416 573 Nexum
443 539 553 571 mortis
581 538 746 570 deflexisti.
969 536 1054 569 Miro
1079 536 1172 568 modo
1198 536 1362 576 peperisti,

293 587 389 628 Virgo
413 586 474 619 Dei
495 585 702 626 sanctissima,
970 584 1072 615 Deum
1100 584 1179 614 caeli
1203 583 1350 623 genuisti,

292 636 340 666 Tu
364 643 428 673 pax
450 633 560 665 mundi
584 633 742 664 tutissima.
970 632 1001 663 A
1026 640 1087 670 quo
1113 629 1199 663 faeta
1224 635 1258 662 tu
1284 629 1382 671 fuisti,

293 682 337 714 Et
362 682 434 712 vitis
460 679 696 713 fecundissima.
969 679 1032 710 Per
1057 686 1147 718 quem
1176 677 1263 718 virgo
1289 677 1480 711 remansisti,

213 729 267 761 10.
294 729 317 761 Ο
343 731 445 759 mater
470 728 631 767 virtutum,
889 726 945 760 45.
972 725 1020 758 Tu
1045 726 1078 757 in
1104 725 1220 757 mundo
1247 734 1279 757 es
1306 725 1408 755 electa

293 775 400 807 Servis
425 775 488 806 tuis
510 778 632 806 scutum
969 774 1014 806 Et
1038 773 1077 805 ab
1102 773 1173 813 ipso
1199 781 1232 804 es
1258 775 1411 813 protecta,

292 822 424 862 Semper
444 822 564 861 praebe
587 824 697 865 tutum,
970 822 1066 855 Cuius
1091 824 1194 852 mater
1217 829 1250 853 es
1276 820 1403 853 dilecta.

293 871 339 903 Ut
361 870 469 902 hostes
495 879 614 910 pravae
638 869 734 901 sortis
971 870 995 902 O
1021 877 1073 900 res
1097 868 1187 911 mira,
1217 868 1316 900 virtus
1340 868 1433 907 mira,

293 917 360 957 Ipsi
385 918 512 949 vineant
537 916 647 958 fortes,
971 916 1100 949 illibata
1119 915 1332 957 permansisti,

212 965 267 997 15.
293 966 343 997 Ne
378 965 530 997 malorum
558 966 623 997 sint
647 967 818 998 consortes.
889 964 943 997 50.
970 963 1089 996 Natum
1114 967 1202 995 tuum
1226 963 1431 1003 praemisisti,

294 1013 318 1045 O
340 1012 454 1050 Maria,
481 1015 583 1045 mater
607 1012 670 1053 pia,
971 1012 1025 1043 Ad
1056 1010 1143 1043 euius
1169 1012 1313 1043 dextram
1338 1009 1499 1049 resedisti,

292 1060 409 1092 Mundi
433 1061 528 1099 salus,
555 1061 641 1092 vitae
665 1061 727 1100 via,
971 1059 1102 1098 Quando
1127 1058 1280 1090 mundum
1304 1057 1474 1098 reliquisti.

294 1109 394 1148 Opem
420 1117 439 1139 a
464 1111 495 1139 te
520 1116 646 1149 quaero,
971 1106 1021 1139 Ibi
1046 1115 1172 1145 semper
1196 1105 1359 1137 veneraris

293 1156 410 1195 Mater,
434 1164 498 1187 non
525 1155 669 1195 uespere,
972 1156 1017 1187 Et
1042 1163 1112 1186 eum
1136 1154 1207 1193 ipso
1232 1153 1391 1193 gloriaris.

212 1202 266 1234 20.
294 1202 355 1235 Sed
382 1203 527 1235 juvamen
558 1210 654 1243 pem.
892 1203 946 1234 55.
974 1204 998 1235 Ο
1027 1210 1120 1241 quam
1142 1201 1229 1241 pium
1256 1202 1305 1233 est
1327 1199 1462 1232 laudare

294 1250 389 1282 Solve
412 1254 447 1282 tu
470 1259 611 1281 meorum
973 1249 1111 1282 Matrem
1138 1248 1200 1280 Dei
1226 1251 1258 1280 et
1281 1257 1400 1287 amare,

297 1298 413 1330 Vincla
436 1300 649 1336 peecatorum,
973 1299 1060 1338 Quae
1084 1296 1267 1328 laudantem
1291 1295 1433 1335 protegis

294 1345 417 1377 Lumen
441 1345 634 1386 angelorum.
974 1346 1045 1378 Nee
1068 1345 1249 1384 plorantem
1274 1343 1422 1385 despieiS,

296 1393 320 1425 Ο
344 1391 414 1424 fons
438 1391 636 1432 indeficiens,
975 1392 1038 1425 Sed
1064 1392 1155 1432 quasi
1179 1394 1282 1423 mater
1307 1391 1451 1431 respic-is.

214 1441 269 1472 25.
296 1440 350 1472 Ad
370 1443 403 1471 te
426 1448 516 1472 curro
541 1440 663 1483 sitiens,
892 1441 947 1472 60.
975 1440 1099 1481 Gaude,
1124 1442 1227 1471 mater
1250 1439 1392 1479 pietatis,

295 1488 406 1519 Dulcis
432 1491 464 1518 et
485 1486 641 1527 reficiens,
977 1488 1100 1528 Gaude,
1128 1497 1241 1520 norma
1267 1487 1420 1524 caritatis,

298 1535 402 1574 Imple
427 1535 620 1567 desiderium
976 1536 1099 1579 Gaude,
1126 1535 1179 1567 via
1202 1534 1393 1574 sanctitatis,

301 1582 415 1615 Cordis
442 1586 472 1613 et
497 1583 678 1623 suspirium,
978 1583 1099 1627 Gaude,
1128 1583 1216 1623 virgo
1244 1582 1409 1622 eastitatis,

302 1629 405 1661 Dulce
428 1629 639 1670 refrigerium.
978 1631 1102 1673 Gaude,
1127 1630 1283 1671 templum
1305 1629 1471 1661 trinitatis.

220 1677 274 1709 30.
301 1678 340 1710 In
364 1686 416 1708 me
439 1677 537 1709 robur
561 1678 675 1717 insere,
899 1679 953 1711 65.
980 1679 1020 1711 In
1044 1687 1154 1710 manus
1177 1681 1251 1710 tuae
1275 1677 1404 1718 pietatis

298 1725 347 1758 Ut
367 1724 491 1756 hostem
515 1726 636 1765 possim
659 1726 788 1757 vincere
977 1725 1035 1758 Me
1058 1726 1114 1758 lux
1135 1727 1321 1759 commendo
1338 1724 1506 1763 claritatis,

299 1772 344 1803 Et
367 1780 493 1811 semper
517 1776 620 1804 tecum
643 1773 760 1806 vivere.
978 1774 1025 1807 Ut
1048 1783 1099 1805 me
1123 1774 1257 1806 mundes
1282 1783 1302 1806 a
1326 1772 1468 1813 peccatis

301 1819 406 1851 Mater
432 1819 546 1861 duleis,
571 1829 628 1852 nos
655 1820 787 1861 dignare
980 1824 1030 1853 Ae
1052 1831 1105 1854 me
1127 1822 1215 1854 loces
1240 1830 1311 1853 eum
1336 1820 1438 1853 beatis

301 1867 370 1898 Tua
393 1867 488 1899 laude
512 1866 699 1900 confirmare
983 1870 1021 1902 In
1048 1869 1145 1902 caelis
1170 1868 1367 1910 glorificatis.

220 1915 276 1946 35.
301 1913 346 1946 Et
368 1915 486 1946 virtute
509 1914 672 1957 roborare,

285 1969 363 1997 Orat.
373 1979 426 1998 ms.
437 1970 549 1999 Domus
559 1972 663 1999 Novae
672 1972 762 1999 Lucis
773 1973 843 1999 anni
856 1970 938 2000 1477.
954 1972 1022 2001 Cod.
1034 1974 1220 2002 Ultraieetin.
1231 1973 1349 2010 Seriptt.
1360 1970 1512 2001 Ech375.

206 2021 243 2026 —
266 2004 292 2033 6.
314 2008 493 2042 Nexumque.
513 2023 551 2028 ——-
572 2008 598 2036 7.
619 2009 642 2037 O
663 2011 756 2047 virgo.
775 2025 813 2030 —
836 2008 880 2038 10.
901 2011 925 2040 Ο
938 2012 1081 2040 virtutum
1097 2014 1197 2040 mater.
1209 2026 1245 2030 —
1264 2011 1311 2040 56.
1323 2012 1367 2040 Te
1378 2011 1513 2040 Matrem.

653 2093 698 2124 65.
728 2093 772 2124 De
792 2094 887 2125 beata
910 2094 1010 2126 Maria
1031 2095 1067 2127 V.

225 2153 256 2186 1.
283 2151 404 2191 Gaude,
431 2152 526 2196 salve,
553 2153 649 2184 misso
674 2162 747 2186 rore
904 2157 935 2188 2.
962 2156 1034 2189 Hoe
1057 2156 1195 2189 nescivit
1217 2156 1267 2188 ius
1292 2160 1417 2199 natura,

282 2199 423 2232 Exortus
449 2202 497 2230 est
519 2198 578 2231 fios
604 2201 644 2232 de
668 2199 756 2244 flore,
962 2204 1009 2237 Ut
1027 2207 1163 2236 naturae
1185 2207 1300 2237 eontra
1322 2205 1394 2237 iura

280 2248 403 2280 Fruetu
429 2247 516 2279 cuius
542 2250 574 2278 et
598 2247 696 2280 odore
962 2252 1068 2284 Mater
1093 2255 1177 2284 esset
1201 2252 1290 2293 virgo
1315 2262 1398 2292 pura

329 2294 502 2335 Respirant
525 2295 686 2328 caelestia.
1009 2299 1142 2340 Absque
1165 2301 1229 2333 viri
1253 2301 1383 2334 semine.

284 2345 338 2377 Ius
362 2346 494 2375 naturae
519 2345 728 2385 permutatur,
961 2347 1051 2379 Haec
1076 2350 1125 2379 est
1148 2351 1250 2380 mater
1274 2348 1456 2390 singulariS,

286 2393 363 2425 Cum
386 2389 444 2423 flos
464 2389 542 2422 flore
566 2389 767 2433 fecundatur,
961 2394 1068 2426 Mater
1093 2396 1161 2427 veri
1186 2395 1349 2436 salutaris,

285 2440 328 2472 Et
355 2439 395 2471 de
418 2438 497 2471 flore
522 2438 643 2471 fructus
670 2439 745 2471 datu

329 2488 392 2521 Per
416 2495 509 2528 quem
532 2486 644 2520 vivunt
743 2487 749 2492 ’
936 2529 953 2535 -
990 2489 1124 2581 mla(
1149 2491 1266 2523 lustrat
1287 2492 1415 2526 lumine.
