1651 2700
728 140 964 176 „35—

210 241 242 273 3.
269 240 293 273 O
318 240 439 273 mellite
462 239 547 283 fave,
889 238 919 269 5.
946 234 1053 268 Mater
1079 233 1208 275 Christi,
1234 231 1317 271 fave,

270 288 368 327 Vigor
390 297 514 328 semper
537 296 647 331 gnave,
948 283 998 315 Sis
1024 281 1115 314 nobis
1141 289 1200 320 pro
1226 289 1289 333 ave

319 335 425 367 Virtus
454 334 648 374 indeficiens,
995 328 1126 361 Miseris
1155 329 1359 367 companens,

270 383 358 414 Tuae
379 383 484 422 precis
510 383 607 422 clave,
948 377 994 409 Et
1018 385 1095 416 quos
1119 375 1246 416 premit,
1273 374 1325 413 ha,
1351 381 1411 405 vae

272 430 321 462 Ne
345 438 402 462 nos
424 431 541 469 laedat,
567 437 652 471 cave,
949 424 1077 457 Pondus
1102 422 1234 454 insuave

319 477 384 510 Leo
409 485 542 517 nequam
569 476 704 517 rugiens.
993 471 1127 503 Liberes
1152 469 1337 503 adveniens.

214 537 245 567 4.
273 535 392 566 Mentis
414 536 541 565 nostrae
564 541 684 571 pravae
893 530 924 562 6.
953 528 1058 560 Corda
1082 529 1193 559 nostra
1216 527 1298 566 lave,

273 581 380 622 Iugum
410 589 521 621 rumpe
545 587 649 621 grave,
951 575 1018 607 Nos
1043 578 1078 606 ut
1103 574 1206 606 salvet
1229 583 1249 605 a
1297 583 1357 606 vae

319 628 385 660 Nos
410 628 449 659 ab
475 628 564 658 hoste
588 627 741 666 muniens,
996 622 1088 654 Patri
1115 630 1245 663 compar
1270 622 1387 662 oriens,

274 676 353 706 Viae
377 674 440 706 dux
466 677 497 705 et
522 674 619 716 clave,
951 670 1052 703 Stella
1076 670 1184 709 maris,
1208 678 1278 710 ave,

271 722 407 753 Destrue
433 720 546 761 fugave
952 717 1024 750 Tibi
1050 726 1179 757 semper
1203 726 1263 750 ave

320 769 516 801 Saevientem
542 768 668 801 totiens.
1002 766 1105 806 Super
1130 774 1223 797 omne
1248 765 1403 805 quotiens.

278 844 346 872 t'od.
368 844 487 872 Trecen.
508 842 556 877 (ol.
579 843 802 876 Olaraevallen.)
822 840 886 871 990.
908 850 983 870 saec.
1009 839 1051 870 12.
1074 841 1138 869 add.
1161 849 1236 869 saec.
1258 839 1332 868 12l13.

606 945 654 976 20.
683 945 729 977 Ad
749 945 875 976 beatam
894 944 1027 976 Mariam
1046 944 1082 975 V.

508 1016 537 1049 1.
564 1017 642 1059 Ave,
670 1018 772 1048 mater
798 1017 830 1047 et
854 1015 942 1055 virgo
967 1016 1137 1056 virginum,

568 1064 647 1102 Ave,
676 1072 749 1096 rosa
774 1067 806 1095 et
834 1063 971 1095 candens
997 1062 1110 1104 lilium,

566 1112 646 1150 Ave,
672 1120 745 1152 spes
771 1113 803 1142 et
826 1112 966 1143 solamen
992 1111 1190 1151 miserorum,

569 1161 649 1199 Ave,
674 1168 798 1200 gemma
823 1159 1021 1198 dulcedoque
1045 1159 1212 1191 bonorum.

513 1218 543 1249 2.
572 1217 596 1249 Ο
622 1218 742 1257 regina,
768 1216 849 1248 caeli
873 1215 994 1248 imbuta
1020 1219 1161 1257 nectare,

570 1265 594 1296 O
620 1264 809 1304 imperatrix
833 1265 974 1296 siderum
1001 1268 1033 1296 et
1058 1265 1204 1296 caelestis
1232 1265 1347 1306 curiae,

571 1312 595 1344 O
620 1312 735 1350 Maria,
762 1313 875 1344 summi
899 1311 984 1352 regis
1007 1311 1083 1353 filia,

573 1359 597 1392 O
623 1359 856 1401 speciosissima
881 1362 913 1391 et
936 1360 1038 1392 vellus
1063 1360 1195 1393 madens
1220 1369 1306 1395 area.

513 1416 544 1449 3.
571 1416 650 1453 Ave,
678 1416 759 1448 cella
783 1415 979 1457 septiformis
1004 1417 1146 1459 spiritus,

572 1463 653 1502 Ave,
678 1472 794 1503 parens
821 1464 923 1495 electa
948 1464 1111 1505 divinitus,

571 1511 651 1552 Ave,
678 1511 796 1542 rectrix
822 1514 854 1542 et
877 1512 997 1552 regina,

571 1557 669 1598 Virga
692 1556 819 1599 florens,
847 1561 881 1590 tu
904 1559 1038 1598 piscina,

575 1605 673 1644 Quam
700 1607 869 1638 commovit
892 1607 1034 1646 spiritus,

513 1664 546 1695 4.
572 1662 664 1696 Omni
687 1664 784 1695 laude
805 1663 895 1704 virgo
923 1663 1028 1703 digna,

573 1709 642 1742 Nos
664 1709 814 1754 reforma,
841 1714 875 1742 tu
899 1710 1047 1751 benigna,

574 1757 675 1790 Maris
703 1760 791 1791 unda
814 1757 1014 1800 fluctuantes,

575 1805 680 1838 Paene
705 1815 835 1849 mersos,
862 1807 920 1838 sed
945 1806 1112 1839 laudantes

576 1853 632 1893 Te,
659 1862 740 1894 quae
763 1855 851 1886 nulla
875 1855 971 1886 laude
997 1863 1084 1887 cares

574 1900 620 1933 Et
642 1902 770 1934 laudari
792 1902 874 1934 nulli
896 1903 996 1942 vales,

577 1949 674 1987 Quem
699 1950 842 1982 mortalis
868 1949 980 1991 pungit
1004 1951 1108 1990 spina,

580 1996 661 2028 Nam
686 1997 831 2036 perfudit
855 2000 887 2029 te
913 1998 1021 2030 divina

627 2045 733 2077 Virtus
756 2055 814 2077 sua
837 2046 950 2086 gratia.

288 2106 357 2135 Clm.
377 2107 529 2135 Monacen.
550 2106 656 2137 24804.
712 2118 752 2137 ec.
776 2108 820 2138 15.

627 2210 668 2241 21.
698 2210 744 2241 Ad
762 2211 889 2243 beatam
908 2212 1042 2245 Mariam
1060 2213 1097 2245 V.

581 2282 661 2325 Ave,
688 2284 790 2314 mater
814 2284 961 2326 gloriosa,

582 2328 706 2368 Sponsa
731 2329 815 2370 regis
840 2331 985 2369 speciosa

581 2375 626 2408 Et
650 2376 688 2409 de
713 2380 808 2417 partu
832 2377 995 2419 gaudiosa,

584 2425 669 2464 Quae
694 2434 727 2457 es
747 2425 837 2465 virgo
862 2426 1013 2470 virtuosa,
