1651 2700
677 161 842 196 —221
895 180 939 185 —

181 251 215 283 2.
243 249 467 284 Collaudemus
492 252 658 296 virginem,

241 299 329 339 Quae
352 299 456 332 Deum
482 303 514 332 et
537 301 697 336 hominem

289 346 482 387 Incorrupta
508 349 626 393 genuit,

929 257 989 297 Qui
1013 258 1120 289 reatus
1147 255 1249 288 diluat

929 305 1030 337 Nobis
1056 305 1152 343 atque
1175 303 1298 336 tribuat

975 353 1052 385 Post
1078 351 1183 383 carnis
1207 352 1371 383 interitum

291 394 351 434 Qui
374 398 510 436 peccata
534 397 627 429 diluit

340 443 386 475 Et
411 442 468 474 dat
493 447 624 477 aeterna
648 447 774 487 gaudia,

974 400 1028 432 Ad
1053 407 1192 438 superna
1216 399 1395 440 transitum,

1027 446 1093 481 Ubi
1118 445 1261 478 fruamur
1285 447 1395 487 gloria.

167 516 335 582 Ecclpgssg.
355 525 409 545 ms.
437 517 551 546 Domus
577 520 681 549 Novae
705 521 796 549 Lucis
823 522 894 549 anni
922 519 1004 549 1477.
1053 520 1122 549 Cod.
1147 521 1335 549 Ultraiectin.
1361 520 1480 558 Scriptt.

615 677 674 710 172.
704 680 747 711 De
765 680 863 712 beata
881 680 983 712 Maria
1002 681 1038 712 V.

181 745 213 778 1.
240 746 331 788 Vale,
359 746 485 788 fulgens
510 749 587 781 solis
610 750 701 789 cella,

239 795 329 828 Caeli
354 795 518 837 splendor,
544 797 642 829 maris
667 797 772 839 stella,

284 843 376 883 Vale,
404 843 460 874 lux
485 844 623 884 egregia,

238 890 329 928 Vale,
357 890 458 930 virgo,
484 893 588 923 mater
611 890 684 931 Dei,

242 936 338 970 Felix
364 946 461 970 causa
482 941 612 970 nostrae
635 939 716 979 spei,

286 985 378 1026 Vale,
404 985 513 1024 proles
539 986 637 1026 regia.

869 752 900 785 3.
927 750 1028 783 Nobis
1054 759 1129 790 ergo
1155 750 1235 782 caeli
1258 759 1317 790 per
1340 752 1374 783 te

927 798 1110 830 Mansiones
1135 800 1209 829 sunt
1231 799 1362 837 apertae

974 846 1146 887 Regnaque
1174 846 1335 888 perennia,

868 1055 899 1087 4.
927 1054 1018 1096 Vale,
1045 1053 1136 1086 nobis
1161 1056 1255 1093 porta
1277 1054 1367 1093 lucis,

927 1102 1012 1140 Quos
1038 1102 1080 1133 ad
1105 1101 1191 1132 vitae
1212 1109 1302 1140 spem
1326 1100 1452 1133 reducis

179 1052 211 1084 2.
237 1050 312 1082 Tibi
333 1051 423 1091 iuges
450 1051 560 1083 demus
585 1052 707 1093 laudes,

238 1099 327 1138 Quae
352 1107 423 1131 cum
448 1099 518 1131 Deo
545 1099 639 1139 digne
664 1100 784 1139 gaudes

282 1147 319 1178 In
351 1147 486 1186 perenni
510 1147 624 1189 gloria,

237 1193 290 1226 Ex
315 1195 348 1225 te
373 1193 502 1235 quidem
526 1193 588 1226 fuit
612 1196 712 1237 ortus,

238 1241 263 1274 Ο
290 1242 404 1274 salutis
429 1251 503 1281 spes
530 1245 562 1274 et
585 1238 714 1284 portus,

283 1290 362 1334 Rex,
390 1289 445 1329 qui
469 1291 554 1331 regit
577 1291 692 1323 omnia.

975 1150 1038 1182 Per
1062 1148 1216 1180 bonorum
1241 1148 1357 1190 studia,

925 1196 971 1229 Ut
993 1199 1119 1228 tuarum
1144 1204 1205 1235 ope
1229 1204 1359 1235 precum

925 1244 1074 1285 Adipisci
1101 1252 1176 1275 vera
1198 1246 1303 1275 tecum

972 1292 1156 1324 Mereamur
1180 1291 1307 1331 gaudia.

239 1363 320 1391 Orat.
347 1373 401 1392 ms.
430 1363 544 1392 Domus
571 1365 674 1393 Novae
698 1365 788 1393 Lucis
816 1368 887 1393 anni
915 1364 996 1393 1477.
1045 1365 1114 1394 Cod.
1142 1365 1330 1393 Ultraiectin.
1359 1365 1477 1400 Scriptt.

165 1401 247 1430 Eccl.
267 1400 333 1430 375.
355 1417 391 1422 ——
414 1400 442 1438 1,
464 1400 478 1429 1
500 1402 573 1430 solis
594 1403 688 1431 stella.

616 1523 676 1555 173.
707 1524 751 1555 De
771 1524 868 1556 beata
887 1524 988 1556 illaria
1008 1525 1043 1556 V.

863 1597 895 1628 4.
921 1595 971 1627 Tu
997 1595 1135 1627 caeleste
1159 1593 1406 1635 firmamentum,

923 1643 1014 1682 Quod
1039 1642 1207 1675 stellarum
1233 1646 1453 1674 ornamentum

971 1691 1094 1724 Reddit
1118 1690 1296 1732 gloriosius,

921 1739 989 1779 Quo
1015 1740 1171 1778 purgatur
1197 1741 1229 1769 et
1254 1738 1399 1770 firmatur

921 1786 966 1819 Et
990 1787 1032 1819 ad
1057 1794 1180 1818 summa
1206 1785 1359 1818 dilatatur

970 1834 1110 1867 Nostrae
1134 1834 1249 1865 mentis
1277 1834 1397 1868 radius,

175 1594 208 1627 1.
233 1595 325 1636 Vale,
352 1593 467 1637 gaude,
493 1594 543 1626 sol
566 1594 761 1635 splendoris,

234 1642 334 1683 Virgo
360 1641 535 1683 splendens
558 1642 656 1684 intuS,
683 1641 763 1674 foris

278 1691 333 1723 Ad
360 1691 457 1723 decus
484 1690 649 1731 ecclesiae,

234 1738 282 1771 Te
306 1747 455 1780 rogamus
480 1740 591 1770 nostro
615 1747 714 1780 more,

230 1786 279 1820 Ut
302 1787 447 1820 illustres
471 1795 530 1818 nos
556 1786 731 1827 splendore

282 1835 370 1867 Tuae
397 1833 500 1867 dulcis
525 1834 659 1874 gratiae.

172 1903 205 1936 2.
228 1902 279 1935 Tu
302 1900 496 1935 flammantis
521 1901 570 1933 sol
590 1901 727 1942 ardoris,
864 1903 895 1934 5.
922 1902 972 1933 Tu
998 1910 1030 1933 es
1056 1901 1145 1933 scala
1171 1901 1366 1941 cupressina,

231 1950 387 1983 Fundens
413 1949 571 1982 scintillas
597 1949 715 1982 amoris
921 1949 1053 1982 Sursum
1076 1949 1187 1981 levans
1213 1949 1256 1981 ad
1281 1948 1390 1981 divina

970 1998 1048 2031 Tuis
1072 1996 1172 2029 iustos
1196 1996 1359 2037 gradibus,

920 2045 975 2078 Ad
1000 2048 1033 2077 te
1056 2044 1159 2078 trahis
1184 2047 1371 2085 peccatores

922 2094 984 2125 Per
1009 2096 1042 2125 te
1066 2091 1169 2125 factos
1197 2101 1382 2125 ascensores

968 2141 1013 2174 Et
1037 2150 1100 2174 non
1125 2141 1190 2173 suis
1215 2141 1346 2174 viribus.

277 1999 316 2031 In
342 1997 440 2032 caelis
465 1996 611 2038 mirifice,

232 2047 405 2080 Coronaris
428 2045 611 2087 sublimata,

232 2095 413 2137 Cumulata‚
441 2093 589 2127 debriata

277 2144 352 2176 Vini
377 2142 459 2176 meri
485 2142 595 2176 calice.

168 2213 202 2245 3.
228 2212 279 2244 Tu
305 2220 338 2244 es
363 2211 441 2243 luna
462 2209 566 2242 noctis
590 2209 693 2249 huius,
863 2210 894 2242 6.
921 2209 980 2250 Tu,
1005 2217 1145 2249 superna
1172 2210 1267 2248 porta
1290 2208 1380 2247 luc1s,

228 2260 380 2300 Pulchra,
400 2266 558 2301 crescens,
577 2257 684 2299 plena,
700 2257 788 2290 cuius
920 2256 987 2290 Nos
1017 2257 1060 2290 ad
1084 2264 1226 2288 mensam
1249 2255 1428 2287 introducis

278 2307 351 2340 Lux
377 2306 507 2347 eclipsis
532 2305 652 2346 nescia,
971 2305 1069 2346 Regis
1093 2304 1128 2336 in
1154 2302 1355 2344 caelestibus,

229 2357 319 2397 Quae
344 2356 526 2389 clarescens
552 2354 621 2386 sole
645 2362 721 2386 vere
924 2353 1041 2386 Sancta
1067 2352 1166 2385 clavis
1191 2353 1396 2392 secretorum,

230 2404 354 2438 Cuncta
379 2402 460 2435 facis
486 2402 698 2442 resplendere
923 2401 1046 2435 Cellam
1074 2399 1219 2441 pandens
1244 2401 1476 2439 unguentorum

278 2452 369 2486 Caeli
397 2450 581 2484 luminaria.
970 2449 1048 2482 Tuis
1073 2446 1278 2481 amatoribus.
