1651 2700
704 153 964 188 -148—

275 253 320 286 Ut
344 253 391 285 sic
414 252 518 285 vivam
543 260 669 290 semper
696 250 788 282 docte

274 301 381 341 Mane,
408 308 489 340 sero,
518 299 579 340 die,
604 301 699 330 nocte

274 347 458 388 Taliterque
484 345 679 386 dormiendo,

278 394 446 434 Vigilando
471 393 522 426 vel
546 392 688 432 iacendo,

196 444 250 475 55.
278 441 408 484 Sedens,
433 442 520 472 stans
542 440 591 473 vel
608 438 798 479 incedendo,

275 488 501 521 Mandacando
529 487 576 518 vel
600 485 750 528 bibendo,

274 535 422 574 Loquens
447 537 541 574 atque
565 532 759 575 meditando,

274 583 388 615 Vivam
413 581 459 613 sie
484 584 516 612 et
539 580 701 620 operando

275 630 475 661 Incessanter
501 637 603 667 carne,
629 628 745 667 mente,

952 247 1029 281 Filii
1054 256 1113 288 per
1134 258 1260 280 manum
1286 246 1402 279 fortem

951 296 1062 334 Usque
1087 295 1230 335 eorporis
1256 295 1298 327 ad
1317 295 1462 335 mortem,

952 343 999 376 Ut
1021 343 1055 374 in
1081 345 1183 374 morte
1207 351 1266 381 per
1289 344 1322 374 te
1345 340 1443 382 piam,

952 390 1039 429 Quae
1064 389 1175 433 petivi,
1203 389 1326 422 cunetis
1351 388 1425 420 fiam

918 465 925 471 .
952 436 1029 469 Tuis
1056 438 1169 477 dignus
1193 437 1385 469 adiumentis

951 484 997 516 Et.
1019 484 1066 515 sie
1089 484 1196 516 salver
1219 494 1239 516 a
1263 483 1441 516 tormentis.

953 531 1049 563 Pater
1073 533 1218 572 praestet
1241 532 1302 564 hoe
1327 534 1359 562 et
1375 533 1479 569 natus,

951 579 1050 611 Sacer
1072 579 1238 618 utriusque
1261 578 1366 617 flatus,

951 626 1068 658 Trinus
1096 635 1188 666 unus,
1215 626 1269 666 qui
1294 627 1478 657 cunctorum

196 677 249 709 60.
273 677 333 708 Pia
357 676 455 717 virgo,
480 678 513 706 te
537 677 668 715 gerente
870 675 925 707 70.
951 673 1143 706 Dominatur
1167 674 1375 706 saeculorum.

254 757 332 785 Orat.
358 766 411 785 ms.
434 760 585 785 Scotorum
604 755 807 786 Vindobonen.
827 755 866 785 54
885 758 906 785 h
927 755 954 785 8.
982 759 1054 786 anni
1076 755 1158 786 1410.
1178 772 1215 777 -—-
1239 756 1277 786 49
1297 757 1402 785 florum
1421 759 1484 785 tam

177 797 289 824 decora.
310 810 346 815 -—
367 796 432 823 Von
452 795 619 824 demselben
638 796 809 831 Anonymus
831 797 888 825 wie
907 796 958 824 Nr.
982 793 1044 824 106.

576 946 638 978 104.
670 946 717 978 Ad
734 946 861 978 beatam
878 946 1011 978 Mariam
1030 946 1067 978 V.

190 1036 220 1069 1.
247 1035 272 1068 Ο
297 1035 414 1078 Maria,
439 1036 627 1068 miserorum

295 1082 380 1115 salus
405 1085 437 1114 et
460 1083 627 1123 refugium,

248 1130 273 1162 Ο
298 1129 414 1170 Maria,
438 1139 501 1162 una
522 1131 618 1173 salus,

294 1186 358 1208 una
382 1185 454 1217 spes
479 1177 631 1218 fidelium,

247 1224 273 1256 Ο
297 1223 412 1264 Maria,
440 1228 506 1257 esto
530 1224 586 1264 pia

295 1279 398 1302 meum
425 1271 467 1302 ad
492 1272 654 1304 auxilium.

871 1039 902 1070 5.
929 1037 955 1070 Ο
981 1037 1077 1069 beata
1099 1037 1281 1076 mediatrix,

974 1093 1055 1124 quae
1079 1084 1126 1116 sic
1149 1086 1243 1123 potes
1269 1084 1384 1125 omnia,

929 1131 1024 1163 Cuius
1050 1131 1133 1163 velle
1157 1140 1217 1163 neo
1241 1131 1411 1171 perturbat

975 1178 1038 1210 Dei
1061 1180 1285 1221 praescientia,

927 1224 1009 1258 Nam
1035 1227 1210 1266 praescivit
1233 1229 1334 1258 totum
1360 1234 1439 1265 esse,

975 1272 1128 1313 quidquid
1154 1277 1189 1305 111
1213 1274 1270 1314 vis,
1300 1273 1437 1307 domina.

186 1377 216 1407 2.
244 1375 269 1407 Ο
294 1375 409 1418 Maria,
435 1375 499 1407 iam
523 1376 632 1408 audito

292 1425 346 1453 1110
372 1422 457 1454 (111101
480 1423 606 1455 1101111110

246 1469 452 1509 Dissipantur
475 1479 587 1511 graves
612 1471 731 1504 imbres

293 1517 484 1556 paenitentis
511 1518 643 1558 animae,

247 1563 292 1595 Et
313 1564 478 1604 paulisper
502 1566 648 1604 ampliori

291 1611 471 1642 illustratur
494 1612 622 1647 lumine.

867 1379 898 1411 6.
924 1377 989 1410 Pro
1014 1387 1065 1410 me
1088 1378 1202 1411 saltem
1226 1379 1326 1410 semel
1351 1388 1417 1422 ora,

973 1428 1005 1457 et
1029 1425 1089 1457 hoc
1110 1426 1189 1458 mihi
1213 1425 1345 1467 suffieit,

925 1473 1017 1504 Velle
1040 1475 1138 1515 tuum,
1164 1483 1182 1505 0
1207 1473 1323 1513 Maria,

972 1520 1050 1552 satis
1074 1520 1151 1552 mihi
1169 1519 1307 1560 proficit,

926 1567 1016 1608 Quia,
1041 1570 1166 1599 tantum
1191 1576 1231 1600 ex
1256 1577 1317 1608 quo
1344 1568 1434 1612 dicis,

972 1615 1079 1646 statim
1103 1614 1191 1647 Deus
1216 1614 1325 1647 efficit.

189 1705 219 1737 3.
245 1703 308 1736 Ora
330 1703 444 1743 Deum,
472 1706 525 1745 qui
551 1708 583 1738 te
606 1710 740 1740 matrem
869 1710 899 1741 7.
926 1708 951 1740 O
976 1708 1096 1750 regina,
1123 1710 1172 1740 cui
1195 1715 1308 1742 cuncta

295 1750 395 1783 voluit
419 1751 545 1794 eligere,
972 1755 1054 1787 fiunt
1077 1756 1254 1796 possibilia,

245 1797 325 1830 Iube
351 1807 486 1838 carnem,
514 1809 606 1840 quam
632 1803 667 1832 tu
692 1802 760 1834 sola
925 1803 1085 1843 Quidquid
1111 1805 1204 1844 petis,
1231 1806 1336 1836 tecum
1360 1805 1443 1845 petit

291 1846 434 1878 meruisti
459 1847 596 1888 gignere,
972 1852 1040 1883 tota
1063 1851 1142 1883 caeli
1168 1851 1267 1888 ouria,

246 1892 290 1924 Et
314 1902 411 1925 exora
436 1893 595 1926 Christum
620 1898 716 1941 tuum,
924 1898 1038 1930 Totum
1057 1906 1223 1938 quaerens,
1242 1902 1343 1931 10111111
1359 1899 1477 1940 volens,

292 1949 333 1972 ne
356 1949 406 1972 me
432 1942 510 1973 velit
533 1944 678 1981 perdere.
973 1946 1056 1986 quod
1084 1946 1154 1979 vult
1177 1955 1235 1979 sua
1261 1947 1398 1981 domina.

186 2036 218 2068 4.
243 2034 268 2066 Ο
291 2034 407 2077 Maria,
432 2038 531 2068 totum
560 2039 655 2079 venit,
869 2041 899 2073 8.
925 2040 950 2073 Ο
975 2041 1082 2073 Maria
1105 2041 1205 2085 virgo,
1233 2051 1310 2083 roga

292 2082 446 2122 quidquid
471 2086 505 2115 tu
529 2085 702 2127 rogaveris,
970 2090 1057 2120 11111111
1082 2089 1287 2133 unigenitum,

244 2129 305 2163 Ille
329 2128 416 2161 Deus
442 2131 510 2162 vult
534 2133 668 2171 omnino,
923 2135 967 2168 Ut
998 2139 1165 2168 conservet
1188 2137 1223 2169 in
1248 2147 1298 2170 me
1324 2140 1452 2172 tandem

292 2177 446 2217 quidquid
470 2180 506 2209 111
529 2179 677 2220 volueris,
972 2183 1127 2215 castitatis
1149 2184 1261 2225 lilium,

246 2224 309 2256 Illa
334 2232 407 2257 caro
431 2234 494 2257 non
518 2227 701 2266 praesumit,
925 2230 972 2262 Te
995 2231 1125 2262 iuvante
1149 2241 1210 2271 quo
1234 2237 1365 2272 petente

290 2272 350 2304 nisi
375 2272 459 2312 quod
483 2275 518 2304 tu
539 2272 683 2307 iusseris.
970 2287 1095 2310 merear
1118 2279 1304 2318 tripudium

249 2355 320 2383 Cod.
344 2356 507 2385 Londinen.
533 2358 605 2394 Reg.
631 2357 649 2385 7
675 2359 701 2387 A
726 2360 776 2388 VI.
803 2368 878 2389 saec
904 2358 1037 2389 1⁵l16.——
1057 2361 1084 2396 2,
1104 2359 1122 2391 3
1143 2363 1245 2392 imbre.
1268 2380 1304 2385 —
1327 2363 1353 2399 5,
1375 2364 1393 2394 3
1415 2375 1479 2402 per-

171 2394 296 2460 {1312ng
305 2409 343 2414 —
366 2395 469 2424 Neheu
493 2397 550 2424 Str
578 2396 595 2424 5
622 2397 675 2424 hat
700 2399 766 2426 eine
792 2399 908 2435 spffiere
925 2400 1017 2428 Hand
1036 2401 1241 2436 gesohrieben:
1270 2385 1379 2431 falsuin
1399 2412 1478 2433 men-

226 2442 237 2460 1
