1651 2700
247 240 371 273 Noxam
397 250 539 282 purgans
565 242 705 276 sceleris,

249 288 376 330 Sponsa
399 289 584 329 laudabilis,

246 336 310 368 Dei
340 339 436 377 atque
460 336 597 368 hominis

248 385 369 417 Parens
395 383 563 424 mirabilis,

165 432 221 464 25.
246 431 337 464 Nulli
364 431 599 472 comparabilis,

249 479 406 512 Caelestis
432 479 578 520 genetrix
603 479 742 519 luminis,

247 528 344 560 Vales
366 536 445 567 prae
468 527 613 559 omnibus

247 575 285 607 In
310 575 484 608 virtutibus
510 575 643 608 cunctiS.

247 623 348 655 Plena
374 622 629 661 charismatibus,

166 670 222 703 30.
250 671 300 703 Tu
325 679 358 702 es
383 670 589 713 martyribus,

248 717 493 752 confessoribus
518 717 618 749 sacris

248 766 430 806 Stuporque
453 764 638 805 virginibus.

248 814 285 846 In
314 813 410 845 caelis
435 815 471 844 tu
496 811 666 851 singularis

249 861 406 893 Gloriaris

164 908 220 942 35.
247 908 293 941 Et
316 918 336 940 a
360 907 485 947 superis

247 956 419 989 Veneraris

245 1004 290 1036 Et
314 1003 347 1034 in
374 1003 469 1035 terris

777 145 845 180 123
893 164 942 170 —

934 242 985 275 Ab
1012 242 1184 274 humilibus
1210 243 1370 278 salutaris

934 291 959 323 Ο
985 299 1109 331 magna,
1136 290 1246 331 maior,
1273 292 1421 335 maxima,

900 361 906 368 .
935 337 1171 370 Gloriosissima
1194 338 1301 370 Maria

936 386 1094 426 Virgoque
1117 386 1375 426 prudentissima,

932 433 1040 465 Mater
1063 442 1221 473 suprema,

934 480 1027 513 Omni
1050 481 1147 513 laude
1173 481 1369 521 dignissima,

934 527 1052 561 Confer
1077 529 1162 561 vitae
1187 529 1398 568 sanctitatem,

850 576 893 608 45
900 599 907 607 .
929 575 1107 607 Puritatem
1132 576 1255 620 mentis,

934 623 1085 663 Corporis
1110 624 1289 666 sanitatem,

934 672 1025 711 Auge
1049 670 1156 711 fidem,

936 718 1031 758 Spem
1057 719 1172 762 tribue,

934 765 1035 797 Nobis
1059 765 1156 798 influe

901 836 909 844 .
937 813 1109 846 Caritatem
1134 813 1312 854 perfectam

934 860 980 892 Et
1005 861 1067 893 duc
1092 862 1133 893 ad
1159 862 1293 902 gloriam

934 908 1013 940 Post
1035 917 1187 948 praesens
1213 911 1370 952 exsilium,

933 954 979 987 Ut
1003 964 1062 987 nos
1087 959 1175 988 tuum
1200 956 1300 989 filium

933 1003 1038 1034 Iesum
1064 1004 1229 1036 laudemus
1254 1014 1313 1046 per
1338 1014 1463 1038 aevum„

228 1070 308 1098 Orat.
338 1077 392 1096 ms.
422 1068 535 1096 Domus
560 1067 665 1095 Novae
691 1067 781 1094 Lucis
814 1068 884 1094 anni
912 1065 994 1095 1477.
1042 1068 1112 1095 Cod.
1138 1067 1323 1097 Ultraiectin.
1345 1070 1464 1106 Scriptt.

149 1108 231 1136 Eecl.
252 1105 318 1135 375.
339 1121 376 1125 —
396 1108 458 1135 Vor
477 1106 552 1134 Vers
574 1104 589 1133 1
613 1105 684 1141 geht
702 1105 823 1132 vorher:

611 1162 707 1196 Salve,
729 1163 949 1198 praeoptabilis,

609 1202 701 1237 Virgo
722 1201 921 1237 peramabilis,

609 1240 705 1267 Mater
725 1239 918 1273 admirabilis,

610 1278 708 1312 Casta,
729 1285 879 1313 nunquam
898 1276 1008 1305 labilis.

508 1428 555 1460 86.
585 1426 692 1459 Oratio
714 1427 753 1458 ad
772 1427 899 1459 beatam
919 1426 1049 1458 Mariam
1068 1427 1105 1459 V.

245 1528 405 1569 Magistra
429 1527 603 1568 religionis,

246 1577 371 1617 Regula
395 1574 613 1616 perfectionis,

256 1625 335 1666 Fac,
366 1634 386 1656 u
412 1623 504 1656 nobis
530 1632 651 1655 summe
675 1623 776 1655 bonus

249 1672 338 1705 Leve
363 1671 497 1704 rteddat
521 1680 612 1703 suum
638 1680 728 1704 onu5.

188 1723 220 1755 5.
244 1720 353 1753 Mater
380 1720 477 1761 digna
501 1719 584 1759 regis
610 1728 730 1762 regum,

246 1768 381 1800 Doctrix
406 1776 529 1800 summa
553 1767 633 1807 legis
659 1768 775 1807 legum,

246 1817 310 1849 Per
334 1818 405 1848 arta
431 1815 515 1856 regis
540 1815 693 1847 mandata

246 1864 313 1896 Nos
339 1864 382 1896 ad
406 1872 505 1903 regna
530 1863 592 1895 duc
615 1866 735 1904 optata.

245 1912 323 1951 Fac,
349 1914 387 1943 ut
410 1911 546 1943 animam
569 1920 766 1953 spernamus,

164 1960 220 1992 10.
250 1959 438 2001 Spernendo
464 1959 759 2000 magnipendamus,

244 2007 323 2049 Fac,
348 2009 385 2040 ut
408 2006 546 2039 animam
571 2007 754 2047 perdamus,

245 2055 416 2088 Perdendo
443 2054 674 2097 custodiamus3

244 2103 321 2144 Fac,
348 2106 383 2135 ut
405 2103 510 2145 ipsam
536 2102 691 2144 odiamus,

244 2151 390 2185 Odiendo
417 2151 597 2194 diligamus,

162 2201 219 2233 15.
245 2199 314 2232 Nos
340 2203 372 2231 et
395 2202 507 2232 nostra
531 2199 757 2240 relinquamus,

243 2249 289 2282 Ut
314 2248 418 2280 Deum
442 2247 634 2288 recipiamus

240 2296 286 2329 Et
312 2296 428 2329 divinis
453 2294 631 2340 affluamus,

242 2344 296 2377 Sic
321 2344 427 2377 omnia
453 2345 647 2387 deseramus,

239 2394 287 2428 Ut
312 2395 427 2426 cuncta
450 2393 673 2434 possideamus

155 2444 213 2478 20.
239 2442 284 2475 Et
307 2442 341 2475 in
366 2450 465 2483 regno
490 2440 680 2483 fulgeamus,

931 1526 1049 1559 Christi
1076 1528 1178 1559 crucis
1204 1529 1361 1568 asperitas

931 1574 995 1606 Per
1019 1578 1052 1606 te
1076 1575 1120 1607 sit
1143 1575 1235 1607 nobis
1261 1576 1387 1617 lenitas,

931 1621 981 1654 Sit
1010 1628 1154 1655 nostrum
1178 1632 1238 1664 per
1262 1626 1295 1656 te
1319 1625 1459 1657 studium

931 1669 1098 1703 sacratum
1125 1672 1334 1713 evangelium,

895 1745 902 1751 .
929 1717 975 1750 Ut
998 1719 1041 1750 sit
1066 1727 1143 1751 crux
1169 1722 1201 1751 et
1223 1720 1411 1760 martyrium

930 1766 1032 1798 Dulce
1056 1767 1148 1799 nobis
1172 1768 1333 1800 solacium.

929 1814 1082 1847 vivamus
1108 1816 1300 1856 evangelice,

928 1861 974 1895 Ut
997 1862 1141 1895 vivamus
1166 1864 1320 1905 angelice,

930 1909 984 1942 Sic
1008 1910 1152 1943 vivamus
1179 1920 1249 1943 cum
1269 1910 1397 1952 infimis,

894 1982 902 1990 .
927 1958 975 1991 Ut
998 1958 1166 1999 iungamur
1192 1960 1365 2001 altissimis,

930 2006 984 2039 Sic
1006 2009 1134 2039 utamur
1157 2008 1374 2049 terrestribus,

928 2054 975 2087 Ut
998 2052 1143 2087 fruamur
1168 2056 1367 2097 caelestibus,

929 2101 982 2134 Sic
1007 2111 1170 2135 curramus
1194 2104 1228 2136 in
1253 2105 1369 2146 stadio,

927 2149 974 2183 Ut
998 2152 1191 2191 gaudeamus
1217 2152 1339 2187 bravio,

893 2223 900 2230 .
924 2197 1001 2240 Fac,
1026 2202 1063 2231 ut
1087 2209 1122 2232 os
1147 2209 1167 2232 a
1193 2200 1327 2241 deliciis,

926 2246 1020 2279 Mens
1045 2248 1166 2280 ieiunet
1191 2257 1211 2280 a
1234 2249 1331 2288 vitiis,

927 2295 969 2328 Os
994 2295 1113 2328 ieiunet
1139 2305 1157 2328 a
1184 2296 1344 2337 carnibus,

928 2342 992 2376 Gor
1013 2353 1032 2376 a
1056 2345 1140 2377 votis
1166 2344 1358 2376 carnalibus.

927 2391 1060 2434 Ieiunia,
1086 2392 1217 2433 vigiliae

842 2441 900 2474 40.
923 2439 1025 2473 Nobis
1049 2440 1130 2474 fiant
1155 2440 1300 2483 deliciae,
