1651 2700
133 231 190 267 49.

134 644 189 678 50.

132 1054 187 1087 51.

133 1467 189 1499 52.

133 1880 188 1912 53.

127 2296 183 2329 54.

214 230 332 271 Mater,
359 240 420 274 ope

264 288 414 312 succurre
439 280 546 321 celeri,

214 327 266 360 Ne
289 327 410 360 inferni

262 376 430 408 tradamur
455 376 586 418 carceri,

215 423 262 456 Ut
285 423 442 463 possimus

263 471 350 503 beati
373 469 454 511 fieri,

216 519 305 552 Caeli
333 518 425 551 nobis

265 567 392 599 ianuam
418 566 518 606 aperi.

217 643 315 675 Nulla
339 643 425 675 mala

261 692 295 723 in
319 693 352 722 te
379 690 549 730 cupiditas,

214 739 314 771 Nulla
337 747 470 779 prorsus

262 787 356 818 laesit
379 785 550 826 hostilitas,

215 834 253 866 In
277 837 310 865 te
334 833 453 865 mansit

260 880 407 922 perfecta
427 880 590 923 sanctitas,

215 931 299 962 Vera
322 928 403 961 fides

261 979 293 1009 et
318 986 394 1010 vera
417 976 543 1009 caritas.

216 1050 385 1086 Plenitudo

263 1101 363 1134 divini
386 1101 536 1142 muneris,

215 1150 303 1189 Quae
326 1158 385 1189 per
409 1151 518 1189 partes

260 1198 443 1238 praestatur
468 1196 592 1239 ceteris,

213 1245 312 1279 Venit
334 1245 368 1276 in
392 1247 435 1284 te,

261 1292 361 1336 virgo,
389 1300 462 1332 spes
487 1290 636 1329 foederis,

216 1341 306 1374 Sicut
328 1339 431 1372 imber

261 1389 296 1421 in
319 1389 394 1420 lana
418 1386 556 1420 velleris.

215 1465 314 1498 Nulla
337 1464 398 1496 tibi

259 1513 412 1544 virtutum
439 1510 549 1553 defuit,

212 1562 351 1601 Quarum
375 1560 408 1591 in
434 1562 467 1590 te

263 1617 321 1641 rex
347 1608 474 1640 domum
498 1606 613 1646 posuit,

214 1657 260 1689 Te
285 1655 430 1688 caelestis

263 1704 408 1737 doctrina
434 1702 552 1745 docuit,

212 1752 388 1785 Salvatoris

258 1802 295 1832 ut
318 1802 453 1832 matrem
480 1799 595 1832 decuit.

214 1878 340 1910 Novum
365 1877 516 1918 quiddam

261 1926 295 1958 in
319 1925 438 1957 mundo
466 1925 616 1965 cernitur,

214 1973 298 2006 Nam
324 1974 365 2006 de
388 1973 484 2005 stella

262 2022 311 2055 sol
335 2020 460 2062 fulgens
485 2021 596 2064 oritur,

213 2070 432 2103 Tenebrarum

259 2118 386 2151 horrori
409 2117 540 2160 ponitur

210 2166 311 2209 Finis,
337 2166 391 2199 via

259 2215 419 2247 caelorum
444 2214 606 2255 panditur.

212 2294 367 2326 Creatura

256 2342 355 2374 totius
380 2341 503 2374 ordinis

209 2391 256 2424 Te
280 2389 402 2423 fatetur

258 2439 406 2472 immensi
429 2438 566 2472 nominis

661 136 893 173 ...fl-

819 456 874 487 55.

817 863 871 895 56.

818 1274 873 1307 57.

815 1687 869 1720 58.

817 2103 871 2137 59.

900 235 1109 268 Sublimatam

947 283 981 315 in
1004 283 1119 315 throno
1143 283 1281 315 numinis

902 330 977 363 Sine
1000 329 1064 362 fine

948 377 1166 412 beatitudinis.

901 454 1000 486 Porta
1022 454 1102 486 caeli

947 511 1006 542 per
1029 502 1131 534 Evam
1154 501 1324 541 clauditur,

901 549 986 581 Gens
1011 549 1149 581 humana

945 596 1111 629 tormentis
1137 597 1287 641 traditur,

898 645 962 677 Per
985 649 1027 686 te,
1051 643 1151 685 virgo,

945 692 1077 724 libertas
1102 692 1260 733 redditur,

897 739 942 770 Et
965 740 1102 772 caeleste

945 796 1076 828 regnum
1107 788 1303 821 conceditur.

898 863 1009 895 Hostis
1031 865 1095 896 telo

944 911 1055 943 livoris
1079 911 1196 951 figitur,

899 958 976 991 Cum
1000 959 1033 991 in
1060 959 1182 991 caelum

945 1006 1037 1046 plebs
1059 1009 1114 1038 tua
1139 1006 1273 1047 ducitur,

898 1053 1104 1087 Vulnerando

944 1104 1083 1134 maestus
1108 1102 1257 1133 atteritur

897 1149 942 1181 Et
967 1150 1007 1181 de
1031 1153 1084 1182 tuo

945 1206 1039 1237 posse
1064 1197 1277 1237 conqueritur.

898 1274 980 1306 Inde
1004 1273 1131 1314 plaudit,

950 1322 1094 1354 caelestis
1116 1321 1204 1353 curia

899 1369 1101 1402 Exsultando

945 1426 1005 1458 pro
1028 1420 1083 1449 tua
1107 1416 1217 1461 gloria,

898 1465 1049 1498 Laudans
1074 1464 1192 1504 Iesum,

945 1513 999 1553 qui
1023 1511 1101 1544 fecit
1124 1512 1211 1551 talia,

895 1561 1096 1593 Admirando

947 1609 1013 1640 eius
1038 1607 1206 1648 magnalia.

898 1685 1036 1727 Nostffl,
1062 1684 1164 1724 virgo,

945 1732 1053 1766 faveto
1078 1731 1219 1776 vocibus,

896 1782 1093 1823 Angelorum

944 1839 1002 1862 nos
1026 1829 1160 1868 iungens
1186 1827 1339 1869 coetibus,

896 1878 942 1911 Ut
965 1878 1133 1909 laudantes

944 1929 977 1957 te
998 1924 1120 1966 magnis
1145 1923 1309 1964 plausibus

896 1974 1101 2007 Exsultemus

946 2031 1016 2054 cum
1040 2020 1160 2054 sanctis
1185 2020 1340 2055 omnibus

899 2098 1086 2132 Sanctitatis

945 2150 1057 2180 ornata
1081 2146 1233 2187 moribus,

897 2196 1102 2229 Praemunita

942 2244 1097 2277 virtutum
1124 2241 1267 2275 floribus.

897 2292 994 2333 Virgo
1021 2293 1137 2325 decens

944 2344 976 2373 et
1004 2341 1100 2381 digna
1124 2339 1284 2381 laudibus,

896 2389 1058 2423 Creatoris

944 2436 1107 2478 refulgens
1132 2435 1256 2475 opibus.
