1651 2700
715 172 762 179 fl
812 152 884 188 102-
926 172 975 178 -

213 254 243 284 5.
271 252 366 284 1ustis
392 255 463 284 orta
487 252 541 283 lux
566 254 696 284 aeterna
887 251 918 283 6.
945 250 970 282 O
995 249 1078 281 mira
1100 258 1181 290 quae
1204 250 1306 282 multa
1328 248 1418 288 facis,

268 299 329 332 Est
353 308 412 340 per
436 302 477 342 te,
504 302 598 340 porta
621 306 769 339 superna,
945 297 1040 329 Felix
1064 299 1099 328 tu
1123 296 1252 329 alumna
1273 297 1373 339 pacis,

318 346 403 386 Quae
426 347 459 378 in
486 347 581 378 caelis
606 345 743 386 habitas,
993 344 1082 376 Audi
1104 353 1162 376 nos
1186 344 1331 377 hilariter

266 395 352 427 Hinc
375 396 415 427 de
440 403 533 426 manu
557 396 761 434 peccatorum
947 391 1071 424 Novum
1097 392 1194 424 melos
1218 392 1399 431 iubilantes,

266 441 441 474 Animabus
466 441 509 473 sit
532 443 655 473 tuorum
948 438 1063 479 Corde,
1088 447 1166 472 voce
1189 442 1221 472 te
1239 440 1407 472 laudantes

312 489 431 521 Libera
455 489 619 521 securitas,
991 486 1120 520 Adiuva
1144 490 1178 518 ‘tu
1204 487 1348 520 dulciter.

550 565 580 597 7.
606 564 645 596 In
668 562 731 594 hac
754 562 822 595 vita
841 563 1065 604 impugnamur

609 610 758 643 Crebrius
785 613 817 641 et
841 609 1038 643 debellamur

654 657 721 690 Nos
746 656 786 690 ab
811 658 902 690 hoste
926 657 1064 698 fortiter,

605 704 656 737 Sis
683 706 828 737 columna
850 705 942 737 nubis
967 708 1076 746 tegens

605 752 672 785 Nos
699 753 848 785 cadentes
873 753 980 794 sisque
1005 762 1126 794 regens,

653 799 703 833 Ne
729 801 915 833 damnemur
938 800 1064 841 iugiter.

270 874 350 902 Orat.
382 882 434 902 ms.
460 875 572 902 Domus
602 884 696 903 novae
721 876 811 903 Lucis
841 877 911 903 anni
938 873 1020 903 1477.
1068 875 1138 904 Cod.
1167 876 1353 904 Ultraiectin.
1379 877 1497 912 Scriptt.

193 912 274 940 Eecl.
295 910 360 940 375.
381 927 419 932 --
440 911 455 940 1
468 921 493 949 a,
516 912 531 940 1
553 916 664 941 saneta.
684 928 722 932 —
741 913 790 949 Ga,
816 911 830 941 1
851 913 877 941 O
896 915 1010 942 Mariae
1030 923 1114 950 quae.

631 1061 677 1093 68.
709 1062 752 1093 De
772 1062 868 1094 beata
885 1061 988 1095 Maria
1006 1063 1041 1094 V.

212 1152 240 1183 1.
270 1150 392 1192 Gaude,
419 1151 504 1183 trina
528 1151 709 1184 hierarchia
888 1153 918 1186 3.
945 1152 1020 1193 Nix,
1047 1152 1194 1185 imbrium
1220 1154 1402 1198 stillamina,

268 1197 369 1230 Deum
392 1198 511 1238 laudet,
539 1208 556 1231 o
581 1198 696 1239 Maria,
948 1199 1072 1244 mores,
1100 1200 1221 1234 fructus
1247 1204 1280 1233 et
1303 1202 1447 1243 gramina

267 1244 330 1278 Sol.
359 1245 481 1286 stellae,
508 1246 593 1287 luna,
620 1247 728 1279 sidera
944 1248 1014 1281 Deo
1039 1257 1099 1288 pro
1125 1250 1180 1280 tua
1202 1249 1306 1290 gloria

266 1293 330 1327 Pro
356 1297 398 1334 te,
424 1294 514 1334 virgo
539 1301 708 1334 puerpera.
946 1294 1033 1327 Dent
1056 1296 1185 1329 laudum
1213 1296 1296 1329 dona
1322 1298 1420 1331 varia.

206 1370 239 1401 2,
264 1370 331 1401 Aer
357 1378 425 1403 cum
453 1370 645 1408 volatilibus,
888 1372 921 1404 4.
950 1370 1050 1403 Omne
1074 1381 1156 1412 genu
1183 1373 1375 1416 caelestium,

263 1416 394 1449 Fretum
421 1426 490 1450 cum
512 1418 698 1450 natatilibus
946 1417 1159 1459 Infernorum,
1184 1420 1384 1453 terrestrium

264 1464 309 1496 Et
332 1467 420 1497 terra
446 1474 516 1497 cum
541 1465 719 1509 reptilibus,
943 1465 1112 1499 Flectatur
1138 1469 1218 1500 caeli
1242 1468 1379 1501 Domino

265 1511 394 1544 Cunctis
421 1521 490 1544 cum
514 1514 737 1546 animantibus.
945 1513 1080 1547 Locanti
1103 1518 1136 1547 te
1159 1516 1192 1548 in
1215 1517 1340 1557 gaudio.

538 1580 568 1611 5.
596 1579 696 1611 Omne
719 1583 912 1612 momentum
936 1581 1093 1613 transiens

594 1626 689 1659 Mille
713 1627 854 1660 millenis
879 1628 1031 1668 gradibus

598 1673 729 1706 Trinum
754 1675 856 1707 Deum
881 1674 1037 1716 glorificet

598 1721 663 1754 Pro
688 1725 722 1754 te
744 1726 811 1755 tam
838 1724 934 1764 digna
957 1723 1118 1758 laudibus

269 1795 347 1823 Orat.
376 1804 429 1823 ms.
455 1795 567 1823 Domus
596 1796 699 1824 Novae
726 1798 815 1826 Lucis
842 1800 912 1826 anni
941 1797 1022 1828 1477.
1066 1799 1135 1827 eod.
1164 1800 1350 1829 Ultraiectin.
1380 1801 1499 1837 Scriptt.

193 1832 274 1860 Eccl.
296 1831 360 1860 375.
380 1848 419 1852 —
441 1831 465 1867 1,
486 1832 504 1861 2
523 1834 634 1862 laudat.
654 1849 693 1854 -—

601 1984 648 2016 69.
679 1985 726 2017 Ati
747 1986 873 2019 beatam
891 1987 1024 2020 Mariam
1043 1988 1079 2019 V.

212 2072 243 2105 1.
270 2070 393 2112 Gaude,
418 2072 519 2113 virgo,
545 2076 579 2105 et
600 2075 727 2115 respice
889 2079 919 2110 3.
946 2078 1108 2112 Aeternae
1128 2079 1216 2111 vitae
1238 2079 1345 2122 ianua,

268 2119 446 2160 Precesque
468 2123 595 2153 nostras
619 2122 755 2163 suscipe,
943 2128 1062 2159 Aurem
1089 2127 1181 2159 nobis
1206 2129 1420 2172 accommoda,

266 2166 407 2199 Peccata
429 2167 493 2199 iam
519 2169 695 2207 praeterita
945 2175 1010 2207 Per
1034 2184 1127 2216 quam
1151 2184 1225 2215 spes
1250 2175 1336 2209 vitae
1360 2175 1466 2219 rediit,

265 2214 397 2246 Remitti
421 2214 513 2247 nobis
539 2215 681 2251 obsecra.
944 2223 1044 2263 Quam
1068 2222 1139 2255 Eva
1161 2231 1298 2263 peccans
1323 2223 1466 2257 abstulit.

209 2294 239 2325 2.
265 2291 354 2324 Mole
377 2291 500 2332 gravati
525 2291 691 2325 criminum
888 2299 920 2333 4.
947 2299 971 2332 O
998 2300 1098 2342 virgo,
1123 2303 1227 2333 mater
1250 2301 1376 2342 iudiciS‚

266 2340 319 2372 Ad
343 2341 376 2371 te
400 2339 543 2381 reginam
566 2340 705 2373 omnium
944 2346 1052 2379 Vitam
1076 2348 1216 2389 deposce
1239 2348 1367 2382 famulis

268 2386 492 2428 Confugientes
516 2388 686 2430 poscimus,
941 2393 986 2427 Et
1009 2396 1197 2436 paenitendi
1221 2398 1327 2437 spatia

266 2436 389 2469 Adesto
411 2436 531 2469 nostris
555 2436 714 2476 precibus.
943 2441 1056 2485 Nobis,
1083 2453 1220 2487 oramus,
1244 2445 1391 2488 impetra.
