1651 2700
708 163 969 198 -168—

200 267 255 300 13.
280 266 353 300 Uva
379 266 490 309 dulcis,
517 264 574 297 flos
599 263 713 305 suaviS,
879 258 935 292 16.
961 257 1058 299 Tuae,
1086 256 1194 309 virgo,
1210 254 1387 309 sanctitatis

322 313 441 345 nardus
473 309 644 349 odorifera,
1006 305 1078 335 luce
1102 311 1160 335 nos
1185 303 1308 355 lrradia

276 360 375 402 Virgo
400 368 525 402 semper
550 358 696 399 gloriosa,
959 351 1003 384 Et
1026 351 1073 382 sic
1098 352 1153 382 tua
1177 358 1231 403 pie,
1244 356 1350 401 ‘prece

325 407 468 439 sublimis
492 412 661 445 puerpera,
1006 398 1075 430 Deo
1100 396 1283 436 reconcllla,
1344 442 1351 448 .

277 455 403 488 Praebe
423 452 516 485 nobis
542 449 701 491 adoptivis
958 445 1006 479 Ut
1029 453 1087 486 per
1112 447 1247 476 mortem
1272 445 1446 482 gloriemur

323 501 451 541 pietatis
476 499 585 531 ubera.
1003 493 1036 524 in
1063 492 1193 524 caelesti
1218 491 1333 533 patria.

201 560 253 591 14.
283 557 421 591 Orientis
447 558 540 596 porta
563 554 681 592 clausa,
877 551 932 584 17.
958 549 1012 582 Ad
1036 549 1118 581 haec
1142 557 1249 581 omnes
1274 548 1451 588 potestates

322 612 414 644 quam
444 602 526 636 vidit
548 599 709 640 Ezechiel,
1007 597 1159 629 virtutum
1185 595 1380 635 caelestium,

275 651 388 684 Mensa
412 649 505 690 regiS,
532 648 573 680 ad
594 655 687 687 quam
706 647 804 686 dapes
961 644 1015 676 Ad
1024 644 1093 683 hoc,
1108 652 1216 675 omnes
1226 642 1339 683 sancti,
1353 644 1493 675 vestrum

323 697 395 728 tulit
420 697 491 736 ipse
515 694 658 734 Gabriel,
1008 691 1146 731 petimus
1170 690 1334 732 auxilium,

277 745 414 783 Quarum
438 751 529 783 opem
555 742 588 774 in
612 742 737 773 leonum
962 738 1008 772 Ut
1030 747 1106 779 pars
1129 742 1239 771 nostra
1264 738 1306 769 sit
1330 737 1495 769 vobiscum

322 791 395 822 lacu
419 790 520 822 sensit
542 788 670 822 Daniel.
1007 786 1042 818 in
1066 789 1155 818 terra
1178 786 1363 819 viventium.

204 849 258 882 15.
284 848 332 880 Tu
356 846 494 887 sigillum
519 845 595 878 libri
620 844 704 878 vitae
880 844 935 876 18.
962 842 1119 875 Miserere
1143 842 1255 884 nostri,
1281 842 1379 885 Deus,

328 894 463 926 solidum
488 894 520 924 in
546 892 682 935 saecula,
1008 891 1042 922 in
1066 890 1212 932 personis
1238 890 1375 929 trinitas,

280 941 375 975 Cuius
399 943 505 980 potest
528 940 615 973 solus
639 949 738 980 agnus
963 937 1128 981 Miserere,
1155 938 1309 970 miserere

327 989 452 1021 solvere
475 988 646 1031 signacula,
1009 986 1121 1025 nostri,
1148 985 1287 1025 simplex
1311 985 1429 1025 unitas,

280 1037 318 1068 In
343 1036 405 1068 hoc
428 1038 539 1067 nostra
561 1043 692 1075 precum
716 1034 791 1066 stilo
962 1033 1010 1065 Te
1034 1033 1167 1073 spiritus
1191 1033 1294 1064 omnis
1316 1032 1438 1070 laudet,

329 1083 493 1115 conscribe
519 1082 681 1115 vocabula.
1010 1080 1206 1120 sempiterna
1231 1080 1344 1112 deitas.

267 1147 340 1175 Clm.
362 1149 515 1175 Monacen.
535 1146 584 1182 (ol.
604 1147 752 1174 Francisc.
772 1143 900 1181 Monac.)
924 1142 1007 1172 9084.
1027 1153 1103 1173 saec.
1126 1144 1170 1173 15.

623 1238 682 1269 127.
713 1238 756 1269 De
776 1237 871 1268 beata
891 1236 992 1268 Maria
1012 1236 1048 1267 V.

356 1308 495 1341 Pulchra
519 1308 634 1349 Maria,
660 1316 773 1340 serena
794 1307 911 1349 Maria,
938 1307 1076 1348 benigna
1099 1308 1216 1350 Maria,

354 1355 466 1388 Dulcis
492 1356 629 1393 alumna,
655 1364 794 1395 superna
819 1355 974 1395 columna,
1002 1356 1161 1395 decusque
1186 1365 1335 1400 perenne,

355 1403 434 1434 Tela
458 1403 598 1442 maligna
622 1404 753 1443 repelle,
781 1402 925 1442 benigna,
953 1405 1133 1442 metumque
1155 1404 1329 1444 gehennae,

355 1450 475 1482 Nostra
497 1450 640 1482 mamilla
664 1450 787 1490 Deique
808 1451 942 1493 papilla,
974 1452 1075 1482 nostri
1101 1451 1263 1483 miserere.

299 1500 330 1530 5.
356 1498 442 1536 Quae
467 1496 617 1537 fugienda
638 1497 777 1537 mihique
803 1497 954 1537 cavenda,
983 1497 1037 1530 diu
1061 1501 1192 1530 tenuere

352 1544 434 1575 Dira
457 1544 586 1585 cupido,
613 1553 708 1576 caeca
730 1544 844 1585 libido,
866 1554 981 1585 regnas
1005 1545 1133 1586 ubique,

356 1591 495 1631 Quisque
519 1592 675 1623 malorum
701 1600 856 1632 quemque
880 1592 1033 1624 bonorum
1058 1595 1177 1625 tractat
1201 1593 1353 1634 undique.

358 1637 454 1670 Casta
478 1638 598 1678 virago,
625 1642 735 1670 sancta
759 1648 911 1680 propago,
939 1640 1065 1679 corripe
1089 1643 1193 1679 natos,

355 1684 440 1716 Aula
465 1685 608 1725 pudoris,
634 1688 737 1717 mater
761 1686 898 1727 honoriS,
923 1691 1056 1727 protege
1080 1696 1185 1721 sanos,

275 1733 329 1764 10.
356 1732 426 1764 Lux
453 1731 610 1775 orborum,
639 1734 703 1765 dux
729 1733 922 1774 claudorum,
950 1734 1053 1774 dirige
1076 1734 1187 1776 iustOS,

357 1779 398 1811 Os
422 1783 589 1822 mutorum,
617 1788 690 1820 spes
717 1783 910 1821 cunctorum,
936 1782 980 1812 sis
1004 1782 1084 1813 mihi
1108 1787 1224 1818 custos,

359 1825 409 1858 Sis
436 1827 593 1867 dilectrix,
620 1828 664 1859 sis
689 1828 875 1872 protectrix,
904 1828 947 1860 sis
973 1829 1051 1861 mihi
1075 1834 1188 1862 mater.

357 1873 494 1906 Pulcher
519 1874 619 1917 Iesus,
644 1875 747 1907 dulcis
770 1876 872 1916 Iesus,
897 1875 942 1908 sis
966 1876 1045 1908 mihi
1069 1877 1180 1909 frater.

358 1921 496 1954 Pulchra
521 1921 637 1964 puella,
663 1925 798 1955 venusta
821 1924 937 1966 puella,
963 1925 1072 1964 puella
1098 1926 1242 1967 colenda,

278 1970 334 2000 15.
361 1969 460 2008 Virgo
483 1969 623 2001 iucunda
646 1969 778 2010 Deoque
800 1970 939 2003 fecunda
961 1973 1119 2013 nimisque
1143 1975 1315 2019 stupenda,

357 2015 426 2047 Fac
451 2025 501 2047 me
526 2015 640 2048 fortem
665 2018 793 2049 vincere
816 2021 950 2050 mortem
975 2020 1184 2060 spiritualem,

359 2062 451 2094 Tolle
471 2065 624 2102 timorem,
653 2065 738 2105 pelle
763 2065 903 2098 dolorem
922 2069 1152 2107 perpetualem.

265 2126 334 2154 Cod.
354 2126 498 2155 Pan'sien.
518 2125 603 2156 3639.
623 2137 699 2157 saec.
719 2127 795 2159 ¹5lis.

626 2220 687 2252 128.
716 2221 759 2253 De
778 2221 874 2254 beata
893 2224 994 2255 Maria
1011 2224 1049 2255 V.

205 2290 237 2324 1.
264 2289 404 2323 Pulchra
428 2291 557 2329 totaque
582 2291 683 2323 amica
887 2295 919 2327 2.
945 2295 1035 2327 Intus
1060 2295 1205 2340 pulchra,
1230 2299 1369 2338 pulchra
1393 2300 1474 2333 foris

310 2337 406 2377 Regis
436 2337 631 2377 angelorum,
994 2342 1078 2374 Vere
1098 2345 1326 2391 comprobaris,

265 2385 364 2426 Virgo
388 2385 523 2426 pulchra
546 2388 579 2416 et
601 2385 729 2429 pudica,
944 2389 1138 2422 Veneranda
1164 2393 1285 2426 cunctis
1307 2395 1396 2427 horis

312 2431 450 2466 Claritas
475 2432 630 2473 polorum.
992 2436 1099 2469 Mater
1124 2447 1238 2480 expers
1263 2443 1372 2474 maris
