<?xml version="1.0" encoding="UTF-8"?>
<!DOCTYPE html PUBLIC "-//W3C//DTD XHTML 1.0 Transitional//EN"
    "http://www.w3.org/TR/xhtml1/DTD/xhtml1-transitional.dtd">
<html xmlns="http://www.w3.org/1999/xhtml" xml:lang="en" lang="en">
 <head>
  <title>
</title>
<meta http-equiv="Content-Type" content="text/html;charset=utf-8" />
  <meta name='ocr-system' content='tesseract 3.04.00' />
  <meta name='ocr-capabilities' content='ocr_page ocr_carea ocr_par ocr_line ocrx_word'/>
</head>
<body>
  <div class='ocr_page' id='page_1' title='image "./analectahymnica32drevuoft_00134.png"; bbox 0 0 1651 2700; ppageno 0'>
   <div class='ocr_carea' id='block_1_1' title="bbox 136 489 192 521">
    <p class='ocr_par' dir='ltr' id='par_1_1' title="bbox 136 489 192 521">
     <span class='ocr_line' id='line_1_1' title="bbox 136 489 192 521; baseline 0 0"><span class='ocrx_word' id='word_1_1' title='bbox 136 489 192 521; x_wconf 88' lang='lat'>48.</span> 
     </span>
    </p>
   </div>
   <div class='ocr_carea' id='block_1_2' title="bbox 136 899 192 932">
    <p class='ocr_par' dir='ltr' id='par_1_2' title="bbox 136 899 192 932">
     <span class='ocr_line' id='line_1_2' title="bbox 136 899 192 932; baseline 0.036 -2"><span class='ocrx_word' id='word_1_2' title='bbox 136 899 192 932; x_wconf 87' lang='lat'>49.</span> 
     </span>
    </p>
   </div>
   <div class='ocr_carea' id='block_1_3' title="bbox 132 1356 188 1388">
    <p class='ocr_par' dir='ltr' id='par_1_3' title="bbox 132 1356 188 1388">
     <span class='ocr_line' id='line_1_3' title="bbox 132 1356 188 1388; baseline 0 0"><span class='ocrx_word' id='word_1_3' title='bbox 132 1356 188 1388; x_wconf 84' lang='lat'>50.</span> 
     </span>
    </p>
   </div>
   <div class='ocr_carea' id='block_1_4' title="bbox 130 1861 186 1895">
    <p class='ocr_par' dir='ltr' id='par_1_4' title="bbox 130 1861 186 1895">
     <span class='ocr_line' id='line_1_4' title="bbox 130 1861 186 1895; baseline 0 -1"><span class='ocrx_word' id='word_1_4' title='bbox 130 1861 186 1895; x_wconf 77' lang='lat'>51.</span> 
     </span>
    </p>
   </div>
   <div class='ocr_carea' id='block_1_5' title="bbox 126 2275 182 2309">
    <p class='ocr_par' dir='ltr' id='par_1_5' title="bbox 126 2275 182 2309">
     <span class='ocr_line' id='line_1_5' title="bbox 126 2275 182 2309; baseline -0.071 0"><span class='ocrx_word' id='word_1_5' title='bbox 126 2275 182 2309; x_wconf 85' lang='lat'>52.</span> 
     </span>
    </p>
   </div>
   <div class='ocr_carea' id='block_1_6' title="bbox 643 125 900 161">
    <p class='ocr_par' dir='ltr' id='par_1_6' title="bbox 643 125 900 161">
     <span class='ocr_line' id='line_1_6' title="bbox 643 125 900 161; baseline 0.004 -1"><span class='ocrx_word' id='word_1_6' title='bbox 643 125 900 161; x_wconf 82' lang='lat'>—131—</span> 
     </span>
    </p>
   </div>
   <div class='ocr_carea' id='block_1_7' title="bbox 221 221 709 359">
    <p class='ocr_par' dir='ltr' id='par_1_7' title="bbox 221 221 709 359">
     <span class='ocr_line' id='line_1_7' title="bbox 221 221 630 254; baseline 0 -1"><span class='ocrx_word' id='word_1_7' title='bbox 221 221 355 253; x_wconf 87' lang='lat' dir='ltr'>Patente</span> <span class='ocrx_word' id='word_1_8' title='bbox 380 223 458 253; x_wconf 91' lang='lat' dir='ltr'>tunc</span> <span class='ocrx_word' id='word_1_9' title='bbox 479 224 515 253; x_wconf 90' lang='lat' dir='ltr'>ut</span> <span class='ocrx_word' id='word_1_10' title='bbox 539 222 630 254; x_wconf 87' lang='lat' dir='ltr'>aditu</span> 
     </span>
     <span class='ocr_line' id='line_1_8' title="bbox 270 267 708 310; baseline 0 -9"><span class='ocrx_word' id='word_1_11' title='bbox 270 267 372 301; x_wconf 87' lang='lat' dir='ltr'>Nobis</span> <span class='ocrx_word' id='word_1_12' title='bbox 398 271 439 301; x_wconf 85' lang='lat' dir='ltr'>ad</span> <span class='ocrx_word' id='word_1_13' title='bbox 466 278 564 310; x_wconf 80' lang='lat' dir='ltr'>regna</span> <span class='ocrx_word' id='word_1_14' title='bbox 589 278 708 310; x_wconf 86' lang='lat' dir='ltr'>supera</span> 
     </span>
     <span class='ocr_line' id='line_1_9' title="bbox 224 315 709 359; baseline -0.002 -9"><span class='ocrx_word' id='word_1_15' title='bbox 224 315 338 359; x_wconf 86' lang='lat' dir='ltr'>Simus,</span> <span class='ocrx_word' id='word_1_16' title='bbox 370 326 431 357; x_wconf 88' lang='lat' dir='ltr'>quo</span> <span class='ocrx_word' id='word_1_17' title='bbox 457 320 567 350; x_wconf 87' lang='lat' dir='ltr'>sancto</span> <span class='ocrx_word' id='word_1_18' title='bbox 593 318 709 357; x_wconf 91' lang='lat' dir='ltr'>spiritu</span> 
     </span>
    </p>
   </div>
   <div class='ocr_carea' id='block_1_8' title="bbox 265 363 754 405">
    <p class='ocr_par' dir='ltr' id='par_1_8' title="bbox 265 363 754 405">
     <span class='ocr_line' id='line_1_10' title="bbox 265 363 754 405; baseline 0.002 -9"><span class='ocrx_word' id='word_1_19' title='bbox 265 363 455 404; x_wconf 84' lang='lat' dir='ltr'>Impleta</span> <span class='ocrx_word' id='word_1_20' title='bbox 475 365 663 405; x_wconf 81' lang='lat' dir='ltr'><strong>gaudent</strong></span> <span class='ocrx_word' id='word_1_21' title='bbox 683 365 754 397; x_wconf 90' lang='lat' dir='ltr'>vis-</span> 
     </span>
    </p>
   </div>
   <div class='ocr_carea' id='block_1_9' title="bbox 526 422 634 447">
    <p class='ocr_par' dir='ltr' id='par_1_9' title="bbox 526 422 634 447">
     <span class='ocr_line' id='line_1_11' title="bbox 526 422 634 447; baseline 0.028 -3"><span class='ocrx_word' id='word_1_22' title='bbox 526 422 634 447; x_wconf 72' lang='lat' dir='ltr'>Gera-</span> 
     </span>
    </p>
   </div>
   <div class='ocr_carea' id='block_1_10' title="bbox 219 487 749 863">
    <p class='ocr_par' dir='ltr' id='par_1_10' title="bbox 219 487 749 863">
     <span class='ocr_line' id='line_1_12' title="bbox 219 487 626 530; baseline 0.005 -11"><span class='ocrx_word' id='word_1_23' title='bbox 219 487 336 530; x_wconf 84' lang='lat' dir='ltr'>Maria,</span> <span class='ocrx_word' id='word_1_24' title='bbox 362 488 475 521; x_wconf 89' lang='lat' dir='ltr'>mundi</span> <span class='ocrx_word' id='word_1_25' title='bbox 502 489 626 521; x_wconf 86' lang='lat' dir='ltr'>diluens</span> 
     </span>
     <span class='ocr_line' id='line_1_13' title="bbox 269 535 657 577; baseline 0.003 -10"><span class='ocrx_word' id='word_1_26' title='bbox 269 535 487 576; x_wconf 85' lang='lat' dir='ltr'>Suspiriorum</span> <span class='ocrx_word' id='word_1_27' title='bbox 512 537 657 577; x_wconf 82' lang='lat' dir='ltr'>gemitus,</span> 
     </span>
     <span class='ocr_line' id='line_1_14' title="bbox 221 582 714 616; baseline 0 0"><span class='ocrx_word' id='word_1_28' title='bbox 221 582 392 616; x_wconf 83' lang='lat' dir='ltr'>Gaudendi</span> <span class='ocrx_word' id='word_1_29' title='bbox 418 592 545 616; x_wconf 90' lang='lat' dir='ltr'>causam</span> <span class='ocrx_word' id='word_1_30' title='bbox 571 584 714 616; x_wconf 88' lang='lat' dir='ltr'>tribuens</span> 
     </span>
     <span class='ocr_line' id='line_1_15' title="bbox 267 629 741 673; baseline 0 -10"><span class='ocrx_word' id='word_1_31' title='bbox 267 631 330 663; x_wconf 85' lang='lat' dir='ltr'>Est</span> <span class='ocrx_word' id='word_1_32' title='bbox 355 639 394 662; x_wconf 84' lang='lat' dir='ltr'>ex</span> <span class='ocrx_word' id='word_1_33' title='bbox 419 634 452 663; x_wconf 83' lang='lat' dir='ltr'>te</span> <span class='ocrx_word' id='word_1_34' title='bbox 476 629 599 663; x_wconf 71' lang='lat' dir='ltr'>fructus</span> <span class='ocrx_word' id='word_1_35' title='bbox 626 632 741 673; x_wconf 82' lang='lat' dir='ltr'>editus,</span> 
     </span>
     <span class='ocr_line' id='line_1_16' title="bbox 219 678 682 718; baseline 0 -8"><span class='ocrx_word' id='word_1_36' title='bbox 219 678 283 711; x_wconf 87' lang='lat' dir='ltr'>Hic</span> <span class='ocrx_word' id='word_1_37' title='bbox 307 687 365 711; x_wconf 89' lang='lat' dir='ltr'>nos</span> <span class='ocrx_word' id='word_1_38' title='bbox 392 688 412 710; x_wconf 92' lang='lat' dir='ltr'>a</span> <span class='ocrx_word' id='word_1_39' title='bbox 437 678 539 718; x_wconf 87' lang='lat' dir='ltr'>culpis</span> <span class='ocrx_word' id='word_1_40' title='bbox 565 687 682 711; x_wconf 84' lang='lat' dir='ltr'>exuens</span> 
     </span>
     <span class='ocr_line' id='line_1_17' title="bbox 268 726 683 759; baseline 0 -1"><span class='ocrx_word' id='word_1_41' title='bbox 268 726 323 758; x_wconf 86' lang='lat' dir='ltr'>Ad</span> <span class='ocrx_word' id='word_1_42' title='bbox 348 727 429 758; x_wconf 83' lang='lat' dir='ltr'>caeli</span> <span class='ocrx_word' id='word_1_43' title='bbox 455 726 553 759; x_wconf 86' lang='lat' dir='ltr'>ducat</span> <span class='ocrx_word' id='word_1_44' title='bbox 575 726 683 758; x_wconf 82' lang='lat' dir='ltr'>aditus</span> 
     </span>
     <span class='ocr_line' id='line_1_18' title="bbox 220 773 669 814; baseline -0.002 -8"><span class='ocrx_word' id='word_1_45' title='bbox 220 773 394 814; x_wconf 85' lang='lat' dir='ltr'>Nostrique</span> <span class='ocrx_word' id='word_1_46' title='bbox 420 773 502 806; x_wconf 84' lang='lat' dir='ltr'>votis</span> <span class='ocrx_word' id='word_1_47' title='bbox 528 782 669 805; x_wconf 87' lang='lat' dir='ltr'>annuens</span> 
     </span>
     <span class='ocr_line' id='line_1_19' title="bbox 265 820 749 863; baseline 0 -9"><span class='ocrx_word' id='word_1_48' title='bbox 265 820 376 863; x_wconf 84' lang='lat' dir='ltr'>Veni,</span> <span class='ocrx_word' id='word_1_49' title='bbox 401 823 555 853; x_wconf 85' lang='lat' dir='ltr'>creator</span> <span class='ocrx_word' id='word_1_50' title='bbox 574 821 749 860; x_wconf 88' lang='lat' dir='ltr'>spiritus.</span> 
     </span>
    </p>
   </div>
   <div class='ocr_carea' id='block_1_11' title="bbox 214 896 748 1312">
    <p class='ocr_par' dir='ltr' id='par_1_11' title="bbox 214 896 748 1312">
     <span class='ocr_line' id='line_1_20' title="bbox 218 896 617 941; baseline -0.008 -11"><span class='ocrx_word' id='word_1_51' title='bbox 218 896 333 941; x_wconf 82' lang='lat' dir='ltr'>Maria,</span> <span class='ocrx_word' id='word_1_52' title='bbox 361 897 617 936; x_wconf 78' lang='lat' dir='ltr'><strong>persolventibus</strong></span> 
     </span>
     <span class='ocr_line' id='line_1_21' title="bbox 270 944 739 985; baseline -0.004 -8"><span class='ocrx_word' id='word_1_53' title='bbox 270 945 332 977; x_wconf 89' lang='lat' dir='ltr'>Pro</span> <span class='ocrx_word' id='word_1_54' title='bbox 357 953 452 985; x_wconf 82' lang='lat' dir='ltr'>posse</span> <span class='ocrx_word' id='word_1_55' title='bbox 476 944 588 976; x_wconf 86' lang='lat' dir='ltr'>laudes</span> <span class='ocrx_word' id='word_1_56' title='bbox 614 944 739 977; x_wconf 84' lang='lat' dir='ltr'>debitas</span> 
     </span>
     <span class='ocr_line' id='line_1_22' title="bbox 219 991 656 1033; baseline -0.005 -8"><span class='ocrx_word' id='word_1_57' title='bbox 219 991 321 1025; x_wconf 83' lang='lat' dir='ltr'>Nobis</span> <span class='ocrx_word' id='word_1_58' title='bbox 346 992 408 1024; x_wconf 89' lang='lat' dir='ltr'>tuis</span> <span class='ocrx_word' id='word_1_59' title='bbox 434 991 656 1033; x_wconf 83' lang='lat' dir='ltr'><strong>conspectibus</strong></span> 
     </span>
     <span class='ocr_line' id='line_1_23' title="bbox 265 1039 736 1080; baseline -0.004 -8"><span class='ocrx_word' id='word_1_60' title='bbox 265 1039 397 1072; x_wconf 86' lang='lat' dir='ltr'>Reddas</span> <span class='ocrx_word' id='word_1_61' title='bbox 423 1048 556 1072; x_wconf 86' lang='lat' dir='ltr'>coronas</span> <span class='ocrx_word' id='word_1_62' title='bbox 580 1040 736 1080; x_wconf 81' lang='lat' dir='ltr'>perditas,</span> 
     </span>
     <span class='ocr_line' id='line_1_24' title="bbox 219 1087 683 1128; baseline -0.004 -8"><span class='ocrx_word' id='word_1_63' title='bbox 219 1088 323 1127; x_wconf 84' lang='lat' dir='ltr'>Super</span> <span class='ocrx_word' id='word_1_64' title='bbox 348 1097 408 1128; x_wconf 89' lang='lat' dir='ltr'>quo</span> <span class='ocrx_word' id='word_1_65' title='bbox 437 1087 683 1126; x_wconf 82' lang='lat' dir='ltr'>deprecantibus</span> 
     </span>
     <span class='ocr_line' id='line_1_25' title="bbox 265 1134 748 1175; baseline -0.002 -9"><span class='ocrx_word' id='word_1_66' title='bbox 265 1134 321 1173; x_wconf 85' lang='lat' dir='ltr'>Te,</span> <span class='ocrx_word' id='word_1_67' title='bbox 356 1135 410 1174; x_wconf 88' lang='lat' dir='ltr'>qui</span> <span class='ocrx_word' id='word_1_68' title='bbox 431 1135 464 1167; x_wconf 91' lang='lat' dir='ltr'>in</span> <span class='ocrx_word' id='word_1_69' title='bbox 491 1135 587 1166; x_wconf 91' lang='lat' dir='ltr'>caelis</span> <span class='ocrx_word' id='word_1_70' title='bbox 611 1134 748 1175; x_wconf 81' lang='lat' dir='ltr'>habitaS‚</span> 
     </span>
     <span class='ocr_line' id='line_1_26' title="bbox 214 1182 628 1221; baseline -0.007 -5"><span class='ocrx_word' id='word_1_71' title='bbox 214 1183 276 1216; x_wconf 84' lang='lat' dir='ltr'>His</span> <span class='ocrx_word' id='word_1_72' title='bbox 299 1182 455 1215; x_wconf 82' lang='lat' dir='ltr'>inclinata</span> <span class='ocrx_word' id='word_1_73' title='bbox 478 1182 628 1221; x_wconf 89' lang='lat' dir='ltr'>precibus</span> 
     </span>
     <span class='ocr_line' id='line_1_27' title="bbox 260 1229 745 1269; baseline -0.004 -7"><span class='ocrx_word' id='word_1_74' title='bbox 260 1231 442 1269; x_wconf 81' lang='lat' dir='ltr'>Adesto,</span> <span class='ocrx_word' id='word_1_75' title='bbox 481 1232 632 1262; x_wconf 87' lang='lat' dir='ltr'>sancta</span> <span class='ocrx_word' id='word_1_76' title='bbox 662 1229 745 1262; x_wconf 91' lang='lat' dir='ltr'>tri-</span> 
     </span>
     <span class='ocr_line' id='line_1_28' title="bbox 519 1278 643 1312; baseline 0 -3"><span class='ocrx_word' id='word_1_77' title='bbox 519 1278 643 1312; x_wconf 81' lang='lat' dir='ltr'>nitas.</span> 
     </span>
    </p>
   </div>
   <div class='ocr_carea' id='block_1_12' title="bbox 213 1353 747 1815">
    <p class='ocr_par' dir='ltr' id='par_1_12' title="bbox 213 1353 747 1815">
     <span class='ocr_line' id='line_1_29' title="bbox 214 1353 612 1395; baseline -0.008 -8"><span class='ocrx_word' id='word_1_78' title='bbox 214 1354 330 1394; x_wconf 84' lang='lat' dir='ltr'>Maria,</span> <span class='ocrx_word' id='word_1_79' title='bbox 357 1353 612 1395; x_wconf 79' lang='lat' dir='ltr'>recognoscimus</span> 
     </span>
     <span class='ocr_line' id='line_1_30' title="bbox 261 1401 712 1441; baseline -0.002 -8"><span class='ocrx_word' id='word_1_80' title='bbox 261 1402 310 1433; x_wconf 84' lang='lat' dir='ltr'>Te</span> <span class='ocrx_word' id='word_1_81' title='bbox 334 1403 431 1434; x_wconf 84' lang='lat' dir='ltr'>decus</span> <span class='ocrx_word' id='word_1_82' title='bbox 456 1409 528 1433; x_wconf 87' lang='lat' dir='ltr'>esse</span> <span class='ocrx_word' id='word_1_83' title='bbox 552 1401 712 1441; x_wconf 81' lang='lat' dir='ltr'>virginum</span> 
     </span>
     <span class='ocr_line' id='line_1_31' title="bbox 214 1449 633 1483; baseline -0.01 0"><span class='ocrx_word' id='word_1_84' title='bbox 214 1451 260 1483; x_wconf 88' lang='lat' dir='ltr'>Et</span> <span class='ocrx_word' id='word_1_85' title='bbox 284 1449 473 1482; x_wconf 86' lang='lat' dir='ltr'>advocatam</span> <span class='ocrx_word' id='word_1_86' title='bbox 500 1449 633 1480; x_wconf 83' lang='lat' dir='ltr'>dicimus</span> 
     </span>
     <span class='ocr_line' id='line_1_32' title="bbox 260 1495 697 1537; baseline -0.005 -8"><span class='ocrx_word' id='word_1_87' title='bbox 260 1497 307 1529; x_wconf 90' lang='lat' dir='ltr'>Te</span> <span class='ocrx_word' id='word_1_88' title='bbox 332 1497 503 1537; x_wconf 78' lang='lat' dir='ltr'>specialem</span> <span class='ocrx_word' id='word_1_89' title='bbox 526 1495 697 1536; x_wconf 90' lang='lat' dir='ltr'>hominum,</span> 
     </span>
     <span class='ocr_line' id='line_1_33' title="bbox 213 1542 747 1586; baseline -0.006 -8"><span class='ocrx_word' id='word_1_90' title='bbox 213 1545 363 1586; x_wconf 87' lang='lat' dir='ltr'>Hincest,</span> <span class='ocrx_word' id='word_1_91' title='bbox 374 1545 470 1585; x_wconf 90' lang='lat' dir='ltr'>quod,</span> <span class='ocrx_word' id='word_1_92' title='bbox 482 1552 552 1576; x_wconf 89' lang='lat' dir='ltr'>cum</span> <span class='ocrx_word' id='word_1_93' title='bbox 559 1542 747 1576; x_wconf 86' lang='lat' dir='ltr'>offendimus</span> 
     </span>
     <span class='ocr_line' id='line_1_34' title="bbox 261 1591 745 1625; baseline -0.002 0"><span class='ocrx_word' id='word_1_94' title='bbox 261 1593 300 1625; x_wconf 89' lang='lat' dir='ltr'>In</span> <span class='ocrx_word' id='word_1_95' title='bbox 336 1592 445 1624; x_wconf 88' lang='lat' dir='ltr'>multis</span> <span class='ocrx_word' id='word_1_96' title='bbox 483 1591 644 1624; x_wconf 75' lang='lat' dir='ltr'>Christum</span> <span class='ocrx_word' id='word_1_97' title='bbox 680 1591 745 1624; x_wconf 93' lang='lat' dir='ltr'>Do-</span> 
     </span>
     <span class='ocr_line' id='line_1_35' title="bbox 517 1640 647 1679; baseline 0 -9"><span class='ocrx_word' id='word_1_98' title='bbox 517 1640 647 1679; x_wconf 85' lang='lat' dir='ltr'>minum,</span> 
     </span>
     <span class='ocr_line' id='line_1_36' title="bbox 213 1687 595 1727; baseline -0.003 -8"><span class='ocrx_word' id='word_1_99' title='bbox 213 1688 378 1720; x_wconf 87' lang='lat' dir='ltr'>Multoties</span> <span class='ocrx_word' id='word_1_100' title='bbox 403 1687 595 1727; x_wconf 85' lang='lat' dir='ltr'>requirimus</span> 
     </span>
     <span class='ocr_line' id='line_1_37' title="bbox 260 1735 744 1767; baseline -0.002 0"><span class='ocrx_word' id='word_1_101' title='bbox 260 1735 315 1767; x_wconf 81' lang='lat' dir='ltr'>Te</span> <span class='ocrx_word' id='word_1_102' title='bbox 356 1736 471 1767; x_wconf 82' lang='lat' dir='ltr'>lueis</span> <span class='ocrx_word' id='word_1_103' title='bbox 515 1738 613 1767; x_wconf 85' lang='lat' dir='ltr'>ante</span> <span class='ocrx_word' id='word_1_104' title='bbox 656 1737 744 1766; x_wconf 87' lang='lat' dir='ltr'>ter-</span> 
     </span>
     <span class='ocr_line' id='line_1_38' title="bbox 516 1783 680 1815; baseline 0.006 -1"><span class='ocrx_word' id='word_1_105' title='bbox 516 1783 680 1815; x_wconf 90' lang='lat' dir='ltr'>minum.</span> 
     </span>
    </p>
   </div>
   <div class='ocr_carea' id='block_1_13' title="bbox 209 1858 746 2236">
    <p class='ocr_par' dir='ltr' id='par_1_13' title="bbox 209 1858 746 2236">
     <span class='ocr_line' id='line_1_39' title="bbox 209 1858 631 1900; baseline -0.007 -8"><span class='ocrx_word' id='word_1_106' title='bbox 209 1860 325 1900; x_wconf 84' lang='lat' dir='ltr'>Maria,</span> <span class='ocrx_word' id='word_1_107' title='bbox 357 1868 451 1900; x_wconf 87' lang='lat' dir='ltr'>quam</span> <span class='ocrx_word' id='word_1_108' title='bbox 474 1858 631 1899; x_wconf 84' lang='lat' dir='ltr'>ingenuae</span> 
     </span>
     <span class='ocr_line' id='line_1_40' title="bbox 261 1906 686 1947; baseline -0.005 -7"><span class='ocrx_word' id='word_1_109' title='bbox 261 1907 366 1940; x_wconf 90' lang='lat' dir='ltr'>Prolis</span> <span class='ocrx_word' id='word_1_110' title='bbox 392 1906 513 1939; x_wconf 83' lang='lat' dir='ltr'>attollit</span> <span class='ocrx_word' id='word_1_111' title='bbox 537 1906 686 1947; x_wconf 81' lang='lat' dir='ltr'>dignitas,</span> 
     </span>
     <span class='ocr_line' id='line_1_41' title="bbox 211 1954 629 1988; baseline -0.007 0"><span class='ocrx_word' id='word_1_112' title='bbox 211 1956 262 1988; x_wconf 85' lang='lat' dir='ltr'>Tu</span> <span class='ocrx_word' id='word_1_113' title='bbox 284 1955 376 1987; x_wconf 88' lang='lat' dir='ltr'>nobis</span> <span class='ocrx_word' id='word_1_114' title='bbox 401 1963 434 1986; x_wconf 91' lang='lat' dir='ltr'>es</span> <span class='ocrx_word' id='word_1_115' title='bbox 461 1954 629 1986; x_wconf 78' lang='lat' dir='ltr'>continuae</span> 
     </span>
     <span class='ocr_line' id='line_1_42' title="bbox 260 2002 625 2042; baseline -0.003 -8"><span class='ocrx_word' id='word_1_116' title='bbox 260 2002 420 2035; x_wconf 84' lang='lat' dir='ltr'>Laetitiae</span> <span class='ocrx_word' id='word_1_117' title='bbox 446 2002 625 2042; x_wconf 67' lang='lat' dir='ltr'>causant-as,</span> 
     </span>
     <span class='ocr_line' id='line_1_43' title="bbox 211 2051 603 2092; baseline -0.008 -8"><span class='ocrx_word' id='word_1_118' title='bbox 211 2052 279 2084; x_wconf 86' lang='lat' dir='ltr'>Nos</span> <span class='ocrx_word' id='word_1_119' title='bbox 304 2060 324 2083; x_wconf 89' lang='lat' dir='ltr'>a</span> <span class='ocrx_word' id='word_1_120' title='bbox 347 2051 491 2092; x_wconf 81' lang='lat' dir='ltr'>peccatis</span> <span class='ocrx_word' id='word_1_121' title='bbox 517 2058 603 2090; x_wconf 88' lang='lat' dir='ltr'>erue,</span> 
     </span>
     <span class='ocr_line' id='line_1_44' title="bbox 259 2097 706 2142; baseline -0.004 -11"><span class='ocrx_word' id='word_1_122' title='bbox 259 2098 316 2142; x_wconf 84' lang='lat' dir='ltr'>Ut,</span> <span class='ocrx_word' id='word_1_123' title='bbox 342 2098 397 2131; x_wconf 91' lang='lat' dir='ltr'>ubi</span> <span class='ocrx_word' id='word_1_124' title='bbox 421 2099 474 2131; x_wconf 85' lang='lat' dir='ltr'>lex</span> <span class='ocrx_word' id='word_1_125' title='bbox 501 2100 551 2130; x_wconf 87' lang='lat' dir='ltr'>est</span> <span class='ocrx_word' id='word_1_126' title='bbox 575 2097 706 2139; x_wconf 87' lang='lat' dir='ltr'>veritas,</span> 
     </span>
     <span class='ocr_line' id='line_1_45' title="bbox 210 2148 655 2180; baseline -0.007 0"><span class='ocrx_word' id='word_1_127' title='bbox 210 2148 363 2180; x_wconf 85' lang='lat' dir='ltr'>Dicamus</span> <span class='ocrx_word' id='word_1_128' title='bbox 388 2154 497 2179; x_wconf 90' lang='lat' dir='ltr'>omnes</span> <span class='ocrx_word' id='word_1_129' title='bbox 524 2154 655 2179; x_wconf 86' lang='lat' dir='ltr'>cernue:</span> 
     </span>
     <span class='ocr_line' id='line_1_46' title="bbox 260 2193 746 2236; baseline -0.002 -8"><span class='ocrx_word' id='word_1_130' title='bbox 260 2195 285 2228; x_wconf 93' lang='lat' dir='ltr'>O</span> <span class='ocrx_word' id='word_1_131' title='bbox 310 2195 393 2236; x_wconf 85' lang='lat' dir='ltr'>lux,</span> <span class='ocrx_word' id='word_1_132' title='bbox 415 2194 531 2227; x_wconf 87' lang='lat' dir='ltr'>beata</span> <span class='ocrx_word' id='word_1_133' title='bbox 549 2193 746 2228; x_wconf 80' lang='lat' dir='ltr'>trinitas,</span> 
     </span>
    </p>
   </div>
   <div class='ocr_carea' id='block_1_14' title="bbox 208 2271 745 2458">
    <p class='ocr_par' dir='ltr' id='par_1_14' title="bbox 208 2271 745 2458">
     <span class='ocr_line' id='line_1_47' title="bbox 209 2271 592 2314; baseline -0.01 -7"><span class='ocrx_word' id='word_1_134' title='bbox 209 2273 327 2314; x_wconf 86' lang='lat' dir='ltr'>Maria,</span> <span class='ocrx_word' id='word_1_135' title='bbox 354 2271 592 2313; x_wconf 83' lang='lat' dir='ltr'>gravaminibus</span> 
     </span>
     <span class='ocr_line' id='line_1_48' title="bbox 262 2319 745 2362; baseline -0.008 -8"><span class='ocrx_word' id='word_1_136' title='bbox 262 2321 386 2354; x_wconf 86' lang='lat' dir='ltr'>Pressis</span> <span class='ocrx_word' id='word_1_137' title='bbox 407 2320 553 2353; x_wconf 87' lang='lat' dir='ltr'>levamen</span> <span class='ocrx_word' id='word_1_138' title='bbox 569 2319 745 2362; x_wconf 74' lang='lat' dir='ltr'>mfflcebre,</span> 
     </span>
     <span class='ocr_line' id='line_1_49' title="bbox 208 2367 730 2409; baseline -0.008 -6"><span class='ocrx_word' id='word_1_139' title='bbox 208 2371 247 2403; x_wconf 92' lang='lat' dir='ltr'>In</span> <span class='ocrx_word' id='word_1_140' title='bbox 274 2368 396 2402; x_wconf 87' lang='lat' dir='ltr'>cunctis</span> <span class='ocrx_word' id='word_1_141' title='bbox 421 2368 540 2401; x_wconf 87' lang='lat' dir='ltr'>nostris</span> <span class='ocrx_word' id='word_1_142' title='bbox 566 2367 730 2409; x_wconf 82' lang='lat' dir='ltr'>gressibus</span> 
     </span>
     <span class='ocr_line' id='line_1_50' title="bbox 254 2416 744 2458; baseline -0.006 -7"><span class='ocrx_word' id='word_1_143' title='bbox 254 2417 460 2452; x_wconf 82' lang='lat' dir='ltr'>Praecedant</span> <span class='ocrx_word' id='word_1_144' title='bbox 470 2420 547 2450; x_wconf 84' lang='lat' dir='ltr'>tuae</span> <span class='ocrx_word' id='word_1_145' title='bbox 554 2416 744 2458; x_wconf 82' lang='lat' dir='ltr'>palpebrae,</span> 
     </span>
    </p>
   </div>
   <div class='ocr_carea' id='block_1_15' title="bbox 827 470 883 502">
    <p class='ocr_par' dir='ltr' id='par_1_15' title="bbox 827 470 883 502">
     <span class='ocr_line' id='line_1_51' title="bbox 827 470 883 502; baseline 0.018 -1"><span class='ocrx_word' id='word_1_146' title='bbox 827 470 883 502; x_wconf 82' lang='lat'>53.</span> 
     </span>
    </p>
   </div>
   <div class='ocr_carea' id='block_1_16' title="bbox 824 858 878 890">
    <p class='ocr_par' dir='ltr' id='par_1_16' title="bbox 824 858 878 890">
     <span class='ocr_line' id='line_1_52' title="bbox 824 858 878 890; baseline 0 -1"><span class='ocrx_word' id='word_1_147' title='bbox 824 858 878 890; x_wconf 81' lang='lat'>54.</span> 
     </span>
    </p>
   </div>
   <div class='ocr_carea' id='block_1_17' title="bbox 817 1246 872 1280">
    <p class='ocr_par' dir='ltr' id='par_1_17' title="bbox 817 1246 872 1280">
     <span class='ocr_line' id='line_1_53' title="bbox 817 1246 872 1280; baseline 0.036 -2"><span class='ocrx_word' id='word_1_148' title='bbox 817 1246 872 1280; x_wconf 83' lang='lat'>55.</span> 
     </span>
    </p>
   </div>
   <div class='ocr_carea' id='block_1_18' title="bbox 816 1684 872 1717">
    <p class='ocr_par' dir='ltr' id='par_1_18' title="bbox 816 1684 872 1717">
     <span class='ocr_line' id='line_1_54' title="bbox 816 1684 872 1717; baseline 0.018 -1"><span class='ocrx_word' id='word_1_149' title='bbox 816 1684 872 1717; x_wconf 88' lang='grc'>56.</span> 
     </span>
    </p>
   </div>
   <div class='ocr_carea' id='block_1_19' title="bbox 908 220 1436 443">
    <p class='ocr_par' dir='ltr' id='par_1_19' title="bbox 908 220 1436 443">
     <span class='ocr_line' id='line_1_55' title="bbox 908 220 1331 254; baseline -0.002 0"><span class='ocrx_word' id='word_1_150' title='bbox 908 221 959 254; x_wconf 86' lang='lat' dir='ltr'>Ne</span> <span class='ocrx_word' id='word_1_151' title='bbox 981 230 1038 254; x_wconf 90' lang='lat' dir='ltr'>nos</span> <span class='ocrx_word' id='word_1_152' title='bbox 1063 221 1096 253; x_wconf 89' lang='lat' dir='ltr'>in</span> <span class='ocrx_word' id='word_1_153' title='bbox 1121 220 1331 253; x_wconf 89' lang='lat' dir='ltr'>infernalibus</span> 
     </span>
     <span class='ocr_line' id='line_1_56' title="bbox 955 269 1423 310; baseline -0.002 -9"><span class='ocrx_word' id='word_1_154' title='bbox 955 269 1050 301; x_wconf 79' lang='lat' dir='ltr'>Locis</span> <span class='ocrx_word' id='word_1_155' title='bbox 1075 269 1240 302; x_wconf 81' lang='lat' dir='ltr'>involvant</span> <span class='ocrx_word' id='word_1_156' title='bbox 1262 269 1423 310; x_wconf 83' lang='lat' dir='ltr'>tenebrae,</span> 
     </span>
     <span class='ocr_line' id='line_1_57' title="bbox 909 315 1369 349; baseline -0.004 0"><span class='ocrx_word' id='word_1_157' title='bbox 909 317 973 349; x_wconf 88' lang='lat' dir='ltr'>Sed</span> <span class='ocrx_word' id='word_1_158' title='bbox 1000 317 1096 349; x_wconf 87' lang='lat' dir='ltr'>simus</span> <span class='ocrx_word' id='word_1_159' title='bbox 1122 317 1154 349; x_wconf 90' lang='lat' dir='ltr'>in</span> <span class='ocrx_word' id='word_1_160' title='bbox 1180 315 1369 348; x_wconf 85' lang='lat' dir='ltr'>caelestibus</span> 
     </span>
     <span class='ocr_line' id='line_1_58' title="bbox 956 363 1436 396; baseline 0 -2"><span class='ocrx_word' id='word_1_161' title='bbox 956 363 1112 396; x_wconf 78' lang='lat' dir='ltr'>Festum</span> <span class='ocrx_word' id='word_1_162' title='bbox 1139 364 1313 396; x_wconf 86' lang='lat' dir='ltr'>colentes</span> <span class='ocrx_word' id='word_1_163' title='bbox 1336 363 1436 395; x_wconf 86' lang='lat' dir='ltr'>cele-</span> 
     </span>
     <span class='ocr_line' id='line_1_59' title="bbox 1209 411 1293 443; baseline 0 0"><span class='ocrx_word' id='word_1_164' title='bbox 1209 411 1293 443; x_wconf 87' lang='lat' dir='ltr'>bre.</span> 
     </span>
    </p>
   </div>
   <div class='ocr_carea' id='block_1_20' title="bbox 903 467 1437 1229">
    <p class='ocr_par' dir='ltr' id='par_1_20' title="bbox 909 467 1343 512">
     <span class='ocr_line' id='line_1_60' title="bbox 909 467 1343 512; baseline -0.007 -10"><span class='ocrx_word' id='word_1_165' title='bbox 909 468 1026 512; x_wconf 85' lang='lat' dir='ltr'>Maria,</span> <span class='ocrx_word' id='word_1_166' title='bbox 1051 478 1111 508; x_wconf 90' lang='lat' dir='ltr'>pro</span> <span class='ocrx_word' id='word_1_167' title='bbox 1136 467 1343 508; x_wconf 85' lang='lat' dir='ltr'>peccantibus</span> 
     </span>
    </p>

    <p class='ocr_par' dir='ltr' id='par_1_21' title="bbox 906 514 1382 605">
     <span class='ocr_line' id='line_1_61' title="bbox 955 514 1369 555; baseline -0.007 -6"><span class='ocrx_word' id='word_1_168' title='bbox 955 518 1072 549; x_wconf 86' lang='lat' dir='ltr'>Preces</span> <span class='ocrx_word' id='word_1_169' title='bbox 1095 516 1165 548; x_wconf 84' lang='lat' dir='ltr'>Deo</span> <span class='ocrx_word' id='word_1_170' title='bbox 1190 514 1369 555; x_wconf 82' lang='lat' dir='ltr'>multiplica</span> 
     </span>
     <span class='ocr_line' id='line_1_62' title="bbox 906 562 1382 605; baseline -0.006 -9"><span class='ocrx_word' id='word_1_171' title='bbox 906 563 952 596; x_wconf 89' lang='lat' dir='ltr'>Et</span> <span class='ocrx_word' id='word_1_172' title='bbox 975 572 1033 605; x_wconf 87' lang='lat' dir='ltr'>pro</span> <span class='ocrx_word' id='word_1_173' title='bbox 1060 563 1176 596; x_wconf 86' lang='lat' dir='ltr'>nostris</span> <span class='ocrx_word' id='word_1_174' title='bbox 1202 562 1382 595; x_wconf 83' lang='lat' dir='ltr'>excessibus</span> 
     </span>
    </p>

    <p class='ocr_par' dir='ltr' id='par_1_22' title="bbox 906 610 1350 698">
     <span class='ocr_line' id='line_1_63' title="bbox 956 610 1343 651; baseline -0.008 -7"><span class='ocrx_word' id='word_1_175' title='bbox 956 612 1118 644; x_wconf 85' lang='lat' dir='ltr'>Instanter</span> <span class='ocrx_word' id='word_1_176' title='bbox 1143 611 1173 642; x_wconf 89' lang='lat' dir='ltr'>ei</span> <span class='ocrx_word' id='word_1_177' title='bbox 1196 610 1343 651; x_wconf 87' lang='lat' dir='ltr'>supplica</span> 
     </span>
     <span class='ocr_line' id='line_1_64' title="bbox 906 657 1350 698; baseline -0.005 -7"><span class='ocrx_word' id='word_1_178' title='bbox 906 658 1114 698; x_wconf 87' lang='lat' dir='ltr'>Eductosque</span> <span class='ocrx_word' id='word_1_179' title='bbox 1140 658 1179 690; x_wconf 91' lang='lat' dir='ltr'>de</span> <span class='ocrx_word' id='word_1_180' title='bbox 1202 657 1350 690; x_wconf 83' lang='lat' dir='ltr'>fluctibus</span> 
     </span>
    </p>

    <p class='ocr_par' dir='ltr' id='par_1_23' title="bbox 906 704 1435 794">
     <span class='ocr_line' id='line_1_65' title="bbox 953 704 1435 748; baseline -0.006 -10"><span class='ocrx_word' id='word_1_181' title='bbox 953 706 1055 739; x_wconf 85' lang='lat' dir='ltr'>Maris</span> <span class='ocrx_word' id='word_1_182' title='bbox 1081 707 1122 739; x_wconf 86' lang='lat' dir='ltr'>ad</span> <span class='ocrx_word' id='word_1_183' title='bbox 1147 709 1275 746; x_wconf 87' lang='lat' dir='ltr'>portum</span> <span class='ocrx_word' id='word_1_184' title='bbox 1296 704 1435 748; x_wconf 73' lang='lat' dir='ltr'>applica,</span> 
     </span>
     <span class='ocr_line' id='line_1_66' title="bbox 906 753 1331 794; baseline -0.002 -9"><span class='ocrx_word' id='word_1_185' title='bbox 906 753 956 785; x_wconf 81' lang='lat' dir='ltr'>Tu</span> <span class='ocrx_word' id='word_1_186' title='bbox 980 754 1075 785; x_wconf 88' lang='lat' dir='ltr'>stella</span> <span class='ocrx_word' id='word_1_187' title='bbox 1098 753 1331 794; x_wconf 82' lang='lat' dir='ltr'>navigantibus,</span> 
     </span>
    </p>

    <p class='ocr_par' dir='ltr' id='par_1_24' title="bbox 905 801 1398 899">
     <span class='ocr_line' id='line_1_67' title="bbox 953 801 1398 842; baseline -0.004 -9"><span class='ocrx_word' id='word_1_188' title='bbox 953 801 978 833; x_wconf 93' lang='lat' dir='ltr'>O</span> <span class='ocrx_word' id='word_1_189' title='bbox 1004 801 1196 842; x_wconf 83' lang='lat' dir='ltr'>gloriosa</span> <span class='ocrx_word' id='word_1_190' title='bbox 1222 801 1398 833; x_wconf 89' lang='lat' dir='ltr'>domina.</span> 
     </span>
     <span class='ocr_line' id='line_1_68' title="bbox 905 857 1219 899; baseline -0.003 -9"><span class='ocrx_word' id='word_1_191' title='bbox 905 857 1021 898; x_wconf 81' lang='lat' dir='ltr'>Maria,</span> <span class='ocrx_word' id='word_1_192' title='bbox 1047 858 1219 899; x_wconf 86' lang='lat' dir='ltr'>puerperio</span> 
     </span>
    </p>

    <p class='ocr_par' dir='ltr' id='par_1_25' title="bbox 907 904 1400 992">
     <span class='ocr_line' id='line_1_69' title="bbox 952 904 1357 945; baseline 0 -9"><span class='ocrx_word' id='word_1_193' title='bbox 952 904 1069 937; x_wconf 85' lang='lat' dir='ltr'>Dicata</span> <span class='ocrx_word' id='word_1_194' title='bbox 1091 905 1193 945; x_wconf 91' lang='lat' dir='ltr'>prolis</span> <span class='ocrx_word' id='word_1_195' title='bbox 1216 904 1357 945; x_wconf 87' lang='lat' dir='ltr'>inclitae,</span> 
     </span>
     <span class='ocr_line' id='line_1_70' title="bbox 907 951 1400 992; baseline 0 -9"><span class='ocrx_word' id='word_1_196' title='bbox 907 951 967 984; x_wconf 83' lang='lat' dir='ltr'>Per</span> <span class='ocrx_word' id='word_1_197' title='bbox 992 961 1087 992; x_wconf 87' lang='lat' dir='ltr'>quam</span> <span class='ocrx_word' id='word_1_198' title='bbox 1111 952 1198 985; x_wconf 84' lang='lat' dir='ltr'>facta</span> <span class='ocrx_word' id='word_1_199' title='bbox 1221 951 1400 991; x_wconf 81' lang='lat' dir='ltr'>redemptio</span> 
     </span>
    </p>

    <p class='ocr_par' dir='ltr' id='par_1_26' title="bbox 903 999 1420 1086">
     <span class='ocr_line' id='line_1_71' title="bbox 952 999 1420 1040; baseline -0.004 -9"><span class='ocrx_word' id='word_1_200' title='bbox 952 999 1054 1031; x_wconf 88' lang='lat' dir='ltr'>Nobis</span> <span class='ocrx_word' id='word_1_201' title='bbox 1080 1002 1128 1031; x_wconf 91' lang='lat' dir='ltr'>est</span> <span class='ocrx_word' id='word_1_202' title='bbox 1154 999 1237 1031; x_wconf 90' lang='lat' dir='ltr'>vitae</span> <span class='ocrx_word' id='word_1_203' title='bbox 1260 999 1420 1040; x_wconf 85' lang='lat' dir='ltr'>perditae,</span> 
     </span>
     <span class='ocr_line' id='line_1_72' title="bbox 903 1045 1341 1086; baseline -0.002 -8"><span class='ocrx_word' id='word_1_204' title='bbox 903 1045 980 1086; x_wconf 87' lang='lat' dir='ltr'>Fac,</span> <span class='ocrx_word' id='word_1_205' title='bbox 1006 1049 1042 1078; x_wconf 93' lang='lat' dir='ltr'>ut</span> <span class='ocrx_word' id='word_1_206' title='bbox 1066 1047 1211 1079; x_wconf 88' lang='lat' dir='ltr'>caelestis</span> <span class='ocrx_word' id='word_1_207' title='bbox 1237 1046 1341 1078; x_wconf 89' lang='lat' dir='ltr'>contio</span> 
     </span>
    </p>

    <p class='ocr_par' dir='ltr' id='par_1_27' title="bbox 903 1093 1437 1181">
     <span class='ocr_line' id='line_1_73' title="bbox 953 1093 1437 1127; baseline -0.002 -2"><span class='ocrx_word' id='word_1_208' title='bbox 953 1094 1057 1126; x_wconf 88' lang='lat' dir='ltr'>Laudi</span> <span class='ocrx_word' id='word_1_209' title='bbox 1081 1103 1144 1126; x_wconf 89' lang='lat' dir='ltr'>non</span> <span class='ocrx_word' id='word_1_210' title='bbox 1169 1102 1286 1127; x_wconf 86' lang='lat' dir='ltr'>vacans</span> <span class='ocrx_word' id='word_1_211' title='bbox 1310 1093 1437 1125; x_wconf 88' lang='lat' dir='ltr'>debitae</span> 
     </span>
     <span class='ocr_line' id='line_1_74' title="bbox 903 1141 1298 1181; baseline -0.003 -8"><span class='ocrx_word' id='word_1_212' title='bbox 903 1141 966 1173; x_wconf 90' lang='lat' dir='ltr'>Hic</span> <span class='ocrx_word' id='word_1_213' title='bbox 989 1145 1117 1174; x_wconf 89' lang='lat' dir='ltr'>moneat</span> <span class='ocrx_word' id='word_1_214' title='bbox 1141 1141 1298 1181; x_wconf 85' lang='lat' dir='ltr'>alloquio:</span> 
     </span>
    </p>

    <p class='ocr_par' dir='ltr' id='par_1_28' title="bbox 949 1188 1435 1229">
     <span class='ocr_line' id='line_1_75' title="bbox 949 1188 1435 1229; baseline 0.002 -8"><span class='ocrx_word' id='word_1_215' title='bbox 949 1188 1056 1221; x_wconf 84' lang='lat' dir='ltr'>Caeli</span> <span class='ocrx_word' id='word_1_216' title='bbox 1067 1188 1435 1229; x_wconf 84' lang='lat' dir='ltr'>civeS‚adp1audite.</span> 
     </span>
    </p>
   </div>
   <div class='ocr_carea' id='block_1_21' title="bbox 898 1245 1434 1659">
    <p class='ocr_par' dir='ltr' id='par_1_29' title="bbox 899 1245 1422 1333">
     <span class='ocr_line' id='line_1_76' title="bbox 899 1245 1279 1289; baseline -0.003 -10"><span class='ocrx_word' id='word_1_217' title='bbox 899 1245 1014 1289; x_wconf 85' lang='lat' dir='ltr'>Maria,</span> <span class='ocrx_word' id='word_1_218' title='bbox 1042 1246 1092 1277; x_wconf 88' lang='lat' dir='ltr'>cui</span> <span class='ocrx_word' id='word_1_219' title='bbox 1117 1246 1279 1278; x_wconf 86' lang='lat' dir='ltr'>saeculum</span> 
     </span>
     <span class='ocr_line' id='line_1_77' title="bbox 947 1291 1422 1333; baseline -0.002 -8"><span class='ocrx_word' id='word_1_220' title='bbox 947 1293 1128 1333; x_wconf 83' lang='lat' dir='ltr'>Adplaudit</span> <span class='ocrx_word' id='word_1_221' title='bbox 1148 1294 1240 1325; x_wconf 76' lang='lat' dir='ltr'>Omne</span> <span class='ocrx_word' id='word_1_222' title='bbox 1257 1291 1422 1333; x_wconf 77' lang='lat' dir='ltr'>plausibus</span> 
     </span>
    </p>

    <p class='ocr_par' dir='ltr' id='par_1_30' title="bbox 898 1340 1381 1428">
     <span class='ocr_line' id='line_1_78' title="bbox 898 1340 1358 1381; baseline -0.002 -8"><span class='ocrx_word' id='word_1_223' title='bbox 898 1341 944 1374; x_wconf 85' lang='lat' dir='ltr'>Et</span> <span class='ocrx_word' id='word_1_224' title='bbox 971 1342 1021 1373; x_wconf 92' lang='lat' dir='ltr'>cui</span> <span class='ocrx_word' id='word_1_225' title='bbox 1043 1342 1189 1381; x_wconf 87' lang='lat' dir='ltr'>praestat</span> <span class='ocrx_word' id='word_1_226' title='bbox 1212 1340 1358 1373; x_wconf 89' lang='lat' dir='ltr'>sedulum</span> 
     </span>
     <span class='ocr_line' id='line_1_79' title="bbox 947 1388 1381 1428; baseline -0.005 -7"><span class='ocrx_word' id='word_1_227' title='bbox 947 1388 1139 1428; x_wconf 85' lang='lat' dir='ltr'>Obsequium</span> <span class='ocrx_word' id='word_1_228' title='bbox 1164 1397 1222 1428; x_wconf 90' lang='lat' dir='ltr'>pro</span> <span class='ocrx_word' id='word_1_229' title='bbox 1249 1388 1381 1428; x_wconf 85' lang='lat' dir='ltr'>viribus,</span> 
     </span>
    </p>

    <p class='ocr_par' dir='ltr' id='par_1_31' title="bbox 900 1435 1400 1527">
     <span class='ocr_line' id='line_1_80' title="bbox 900 1435 1381 1469; baseline -0.004 0"><span class='ocrx_word' id='word_1_230' title='bbox 900 1436 954 1469; x_wconf 90' lang='lat' dir='ltr'>Ad</span> <span class='ocrx_word' id='word_1_231' title='bbox 979 1436 1108 1468; x_wconf 89' lang='lat' dir='ltr'>laudem</span> <span class='ocrx_word' id='word_1_232' title='bbox 1132 1435 1194 1469; x_wconf 88' lang='lat' dir='ltr'>Dei</span> <span class='ocrx_word' id='word_1_233' title='bbox 1222 1436 1381 1468; x_wconf 89' lang='lat' dir='ltr'>cumulum</span> 
     </span>
     <span class='ocr_line' id='line_1_81' title="bbox 947 1483 1400 1527; baseline -0.002 -12"><span class='ocrx_word' id='word_1_234' title='bbox 947 1483 1025 1527; x_wconf 88' lang='lat' dir='ltr'>Fac,</span> <span class='ocrx_word' id='word_1_235' title='bbox 1051 1486 1087 1515; x_wconf 93' lang='lat' dir='ltr'>ut</span> <span class='ocrx_word' id='word_1_236' title='bbox 1112 1492 1152 1516; x_wconf 78' lang='lat' dir='ltr'>ex</span> <span class='ocrx_word' id='word_1_237' title='bbox 1177 1483 1400 1523; x_wconf 87' lang='lat' dir='ltr'>peccatoribus</span> 
     </span>
    </p>

    <p class='ocr_par' dir='ltr' id='par_1_32' title="bbox 898 1531 1434 1612">
     <span class='ocr_line' id='line_1_82' title="bbox 898 1531 1351 1572; baseline -0.002 -9"><span class='ocrx_word' id='word_1_238' title='bbox 898 1531 1074 1564; x_wconf 84' lang='lat' dir='ltr'>Mundaret</span> <span class='ocrx_word' id='word_1_239' title='bbox 1099 1531 1162 1564; x_wconf 85' lang='lat' dir='ltr'>sibi</span> <span class='ocrx_word' id='word_1_240' title='bbox 1187 1531 1351 1572; x_wconf 63' lang='lat' dir='ltr'>populum2</span> 
     </span>
     <span class='ocr_line' id='line_1_83' title="bbox 945 1578 1434 1612; baseline -0.006 -1"><span class='ocrx_word' id='word_1_241' title='bbox 945 1578 1434 1612; x_wconf 81' lang='lat' dir='ltr'>Exsultetcaelumlaudi·</span> 
     </span>
    </p>

    <p class='ocr_par' dir='ltr' id='par_1_33' title="bbox 1203 1626 1294 1659">
     <span class='ocr_line' id='line_1_84' title="bbox 1203 1626 1294 1659; baseline 0.011 -1"><span class='ocrx_word' id='word_1_242' title='bbox 1203 1626 1294 1659; x_wconf 70' lang='lat' dir='ltr'>bue.</span> 
     </span>
    </p>
   </div>
   <div class='ocr_carea' id='block_1_22' title="bbox 898 1683 1433 2059">
    <p class='ocr_par' dir='ltr' id='par_1_34' title="bbox 898 1683 1433 2059">
     <span class='ocr_line' id='line_1_85' title="bbox 899 1683 1293 1727; baseline -0.003 -10"><span class='ocrx_word' id='word_1_243' title='bbox 899 1683 1013 1727; x_wconf 84' lang='lat' dir='ltr'>Maria,</span> <span class='ocrx_word' id='word_1_244' title='bbox 1041 1686 1145 1716; x_wconf 89' lang='lat' dir='ltr'>mater</span> <span class='ocrx_word' id='word_1_245' title='bbox 1169 1684 1293 1724; x_wconf 86' lang='lat' dir='ltr'>gratiae</span> 
     </span>
     <span class='ocr_line' id='line_1_86' title="bbox 946 1731 1388 1771; baseline -0.002 -7"><span class='ocrx_word' id='word_1_246' title='bbox 946 1731 1016 1771; x_wconf 73' lang='lat' dir='ltr'>Qua</span> <span class='ocrx_word' id='word_1_247' title='bbox 1039 1735 1130 1771; x_wconf 87' lang='lat' dir='ltr'>patet</span> <span class='ocrx_word' id='word_1_248' title='bbox 1154 1731 1198 1763; x_wconf 89' lang='lat' dir='ltr'>ad</span> <span class='ocrx_word' id='word_1_249' title='bbox 1221 1732 1388 1764; x_wconf 84' lang='lat' dir='ltr'>introitum</span> 
     </span>
     <span class='ocr_line' id='line_1_87' title="bbox 899 1779 1283 1819; baseline -0.005 -7"><span class='ocrx_word' id='word_1_250' title='bbox 899 1779 960 1812; x_wconf 91' lang='lat' dir='ltr'>Via</span> <span class='ocrx_word' id='word_1_251' title='bbox 986 1779 1134 1812; x_wconf 84' lang='lat' dir='ltr'>caelestis</span> <span class='ocrx_word' id='word_1_252' title='bbox 1157 1780 1283 1819; x_wconf 87' lang='lat' dir='ltr'>patriae</span> 
     </span>
     <span class='ocr_line' id='line_1_88' title="bbox 945 1827 1432 1868; baseline 0 -9"><span class='ocrx_word' id='word_1_253' title='bbox 945 1828 1114 1860; x_wconf 89' lang='lat' dir='ltr'>PerEvam</span> <span class='ocrx_word' id='word_1_254' title='bbox 1120 1830 1252 1860; x_wconf 86' lang='lat' dir='ltr'>matrem</span> <span class='ocrx_word' id='word_1_255' title='bbox 1259 1836 1279 1868; x_wconf 89' lang='lat' dir='ltr'>p</span> <span class='ocrx_word' id='word_1_256' title='bbox 1284 1827 1432 1868; x_wconf 90' lang='lat' dir='ltr'>erditum,</span> 
     </span>
     <span class='ocr_line' id='line_1_89' title="bbox 900 1874 1349 1909; baseline -0.002 -2"><span class='ocrx_word' id='word_1_257' title='bbox 900 1876 1032 1909; x_wconf 87' lang='lat' dir='ltr'>Cursum</span> <span class='ocrx_word' id='word_1_258' title='bbox 1059 1878 1190 1907; x_wconf 87' lang='lat' dir='ltr'>nostrae</span> <span class='ocrx_word' id='word_1_259' title='bbox 1213 1874 1349 1907; x_wconf 88' lang='lat' dir='ltr'>militiae</span> 
     </span>
     <span class='ocr_line' id='line_1_90' title="bbox 945 1922 1354 1966; baseline 0.002 -12"><span class='ocrx_word' id='word_1_260' title='bbox 945 1922 1013 1955; x_wconf 86' lang='lat' dir='ltr'>Fac</span> <span class='ocrx_word' id='word_1_261' title='bbox 1036 1922 1083 1955; x_wconf 87' lang='lat' dir='ltr'>ita</span> <span class='ocrx_word' id='word_1_262' title='bbox 1107 1923 1354 1966; x_wconf 88' lang='lat' dir='ltr'>beneplacitum,</span> 
     </span>
     <span class='ocr_line' id='line_1_91' title="bbox 898 1970 1294 2010; baseline -0.005 -6"><span class='ocrx_word' id='word_1_263' title='bbox 898 1972 1072 2004; x_wconf 83' lang='lat' dir='ltr'>Laeternur</span> <span class='ocrx_word' id='word_1_264' title='bbox 1094 1973 1132 2003; x_wconf 89' lang='lat' dir='ltr'>ut</span> <span class='ocrx_word' id='word_1_265' title='bbox 1154 1970 1189 2003; x_wconf 91' lang='lat' dir='ltr'>in</span> <span class='ocrx_word' id='word_1_266' title='bbox 1215 1972 1294 2010; x_wconf 81' lang='lat' dir='ltr'>acie,</span> 
     </span>
     <span class='ocr_line' id='line_1_92' title="bbox 946 2019 1433 2059; baseline 0.002 -7"><span class='ocrx_word' id='word_1_267' title='bbox 946 2019 1067 2059; x_wconf 83' lang='lat' dir='ltr'>Deus,</span> <span class='ocrx_word' id='word_1_268' title='bbox 1085 2021 1240 2051; x_wconf 90' lang='lat' dir='ltr'>tuorum</span> <span class='ocrx_word' id='word_1_269' title='bbox 1253 2019 1433 2053; x_wconf 89' lang='lat' dir='ltr'>militum.</span> 
     </span>
    </p>
   </div>
   <div class='ocr_carea' id='block_1_23' title="bbox 817 2076 1264 2117">
    <p class='ocr_par' dir='ltr' id='par_1_35' title="bbox 817 2076 1264 2117">
     <span class='ocr_line' id='line_1_93' title="bbox 817 2076 1264 2117; baseline -0.002 -7"><span class='ocrx_word' id='word_1_270' title='bbox 817 2078 870 2110; x_wconf 79' lang='lat'>57.</span> <span class='ocrx_word' id='word_1_271' title='bbox 896 2076 1014 2116; x_wconf 80' lang='lat' dir='ltr'>Maria,</span> <span class='ocrx_word' id='word_1_272' title='bbox 1040 2078 1075 2108; x_wconf 90' lang='lat' dir='ltr'>te</span> <span class='ocrx_word' id='word_1_273' title='bbox 1098 2076 1264 2117; x_wconf 83' lang='lat' dir='ltr'>requirere</span> 
     </span>
    </p>
   </div>
   <div class='ocr_carea' id='block_1_24' title="bbox 897 2124 1433 2496">
    <p class='ocr_par' dir='ltr' id='par_1_36' title="bbox 898 2124 1433 2263">
     <span class='ocr_line' id='line_1_94' title="bbox 946 2124 1433 2165; baseline -0.002 -9"><span class='ocrx_word' id='word_1_274' title='bbox 946 2124 1085 2157; x_wconf 84' lang='lat' dir='ltr'>Nostrae</span> <span class='ocrx_word' id='word_1_275' title='bbox 1110 2125 1225 2157; x_wconf 87' lang='lat' dir='ltr'>mentis</span> <span class='ocrx_word' id='word_1_276' title='bbox 1252 2126 1302 2157; x_wconf 88' lang='lat' dir='ltr'>est</span> <span class='ocrx_word' id='word_1_277' title='bbox 1321 2133 1433 2165; x_wconf 88' lang='lat' dir='ltr'>opera,</span> 
     </span>
     <span class='ocr_line' id='line_1_95' title="bbox 898 2172 1420 2214; baseline -0.004 -9"><span class='ocrx_word' id='word_1_278' title='bbox 898 2174 995 2214; x_wconf 79' lang='lat' dir='ltr'>Quam</span> <span class='ocrx_word' id='word_1_279' title='bbox 1022 2173 1110 2206; x_wconf 81' lang='lat' dir='ltr'>ferre</span> <span class='ocrx_word' id='word_1_280' title='bbox 1135 2172 1184 2205; x_wconf 79' lang='lat' dir='ltr'>fas</span> <span class='ocrx_word' id='word_1_281' title='bbox 1211 2176 1260 2205; x_wconf 89' lang='lat' dir='ltr'>est</span> <span class='ocrx_word' id='word_1_282' title='bbox 1286 2173 1420 2204; x_wconf 86' lang='lat' dir='ltr'>credere</span> 
     </span>
     <span class='ocr_line' id='line_1_96' title="bbox 945 2220 1380 2263; baseline -0.002 -10"><span class='ocrx_word' id='word_1_283' title='bbox 945 2220 1116 2253; x_wconf 83' lang='lat' dir='ltr'>Excelsam</span> <span class='ocrx_word' id='word_1_284' title='bbox 1141 2230 1238 2261; x_wconf 88' lang='lat' dir='ltr'>super</span> <span class='ocrx_word' id='word_1_285' title='bbox 1264 2220 1380 2263; x_wconf 87' lang='lat' dir='ltr'>sidera,</span> 
     </span>
    </p>

    <p class='ocr_par' dir='ltr' id='par_1_37' title="bbox 897 2269 1430 2496">
     <span class='ocr_line' id='line_1_97' title="bbox 898 2269 1313 2302; baseline -0.007 0"><span class='ocrx_word' id='word_1_286' title='bbox 898 2269 1033 2302; x_wconf 87' lang='lat' dir='ltr'>Eductis</span> <span class='ocrx_word' id='word_1_287' title='bbox 1058 2271 1095 2301; x_wconf 93' lang='lat' dir='ltr'>ut</span> <span class='ocrx_word' id='word_1_288' title='bbox 1118 2270 1158 2302; x_wconf 88' lang='lat' dir='ltr'>de</span> <span class='ocrx_word' id='word_1_289' title='bbox 1184 2276 1313 2301; x_wconf 84' lang='lat' dir='ltr'>carcere</span> 
     </span>
     <span class='ocr_line' id='line_1_98' title="bbox 945 2315 1374 2357; baseline -0.009 -7"><span class='ocrx_word' id='word_1_290' title='bbox 945 2317 1125 2357; x_wconf 81' lang='lat' dir='ltr'>Mundique</span> <span class='ocrx_word' id='word_1_291' title='bbox 1150 2317 1235 2350; x_wconf 86' lang='lat' dir='ltr'>valle</span> <span class='ocrx_word' id='word_1_292' title='bbox 1256 2315 1374 2348; x_wconf 86' lang='lat' dir='ltr'>misera</span> 
     </span>
     <span class='ocr_line' id='line_1_99' title="bbox 897 2364 1284 2406; baseline -0.01 -7"><span class='ocrx_word' id='word_1_293' title='bbox 897 2367 1025 2399; x_wconf 85' lang='lat' dir='ltr'>Donata</span> <span class='ocrx_word' id='word_1_294' title='bbox 1049 2365 1093 2397; x_wconf 91' lang='lat' dir='ltr'>sit</span> <span class='ocrx_word' id='word_1_295' title='bbox 1115 2364 1284 2406; x_wconf 83' lang='lat' dir='ltr'>percipere</span> 
     </span>
     <span class='ocr_line' id='line_1_100' title="bbox 947 2412 1430 2446; baseline -0.008 0"><span class='ocrx_word' id='word_1_296' title='bbox 947 2415 1105 2446; x_wconf 77' lang='lat' dir='ltr'>Aeterna</span> <span class='ocrx_word' id='word_1_297' title='bbox 1118 2412 1257 2446; x_wconf 83' lang='lat' dir='ltr'>Christi</span> <span class='ocrx_word' id='word_1_298' title='bbox 1269 2420 1430 2444; x_wconf 84' lang='lat' dir='ltr'>munera.</span> 
     </span>
     <span class='ocr_line' id='line_1_101' title="bbox 1220 2466 1259 2496; baseline 0 -11"><span class='ocrx_word' id='word_1_299' title='bbox 1220 2466 1259 2496; x_wconf 67' lang='grc' dir='ltr'>9ο</span> 
     </span>
    </p>
   </div>
  </div>
 </body>
</html>
