1651 2700
181 264 239 296 3a.

178 828 238 859 4a.

174 1392 233 1424 5a.

173 1958 230 1989 6a.

690 182 737 188 —-
786 160 951 198 234——

263 261 412 294 Activum
439 260 569 293 verbum
593 259 752 300 passivum

265 310 332 342 Iam
358 307 504 347 efficitur,

264 357 315 388 Ab
342 357 404 388 alio
429 355 582 396 nascitur,

266 403 354 444 Quod
381 405 429 435 est
451 402 655 443 primitivum,

265 451 326 483 Est
351 450 558 491 compositum

266 498 417 537 Simplex,
442 495 564 528 finitum

264 545 319 577 Fit
341 544 508 583 infinitum,

265 592 318 624 Sic
343 594 452 623 contra
476 588 713 630 grammaticum

264 638 337 670 Non
363 637 572 677 respectivum

265 684 443 723 Confertur‚
470 692 531 716 non
559 681 751 716 defectivum

262 732 318 764 Fit
341 732 532 770 eclipticum.

267 826 330 857 Hic
353 828 474 858 mussat
497 824 719 865 Quintilianus,

261 873 389 905 Marcus
414 872 546 915 Tullius,

262 919 478 962 Symmachus,
505 919 666 960 Sidonius,

261 966 465 1007 Iustinianus‚

264 1014 340 1047 Cum
365 1014 531 1054 virginitas

260 1062 305 1093 Et
328 1061 513 1093 maternitas

262 1109 331 1141 Sint
356 1108 459 1150 simul,
487 1110 519 1140 et
540 1109 646 1142 varius

259 1156 361 1188 Index
385 1155 536 1188 adulterii

260 1204 374 1235 Partus
397 1201 454 1235 fiat
477 1202 537 1244 his,

259 1251 318 1289 Qui
343 1250 431 1290 signo
459 1252 567 1282 carent
591 1249 718 1290 signati,

258 1298 358 1330 Fiunt
383 1296 479 1330 dubii.

259 1391 402 1423 Musicae
423 1391 623 1432 proportioni

261 1438 337 1470 Cum
363 1439 426 1470 sint
450 1438 579 1470 subdita

258 1485 371 1518 Omnia
394 1485 578 1525 composita,

256 1532 399 1564 Musicus
424 1533 571 1573 componi

257 1580 359 1611 Deum
383 1580 513 1622 homini,

256 1626 380 1659 Nubem
406 1627 518 1659 lumini

256 1674 403 1717 Miratur,
430 1674 477 1705 sic
501 1674 569 1705 toni

257 1720 361 1752 Melos
387 1729 456 1752 cum
484 1720 633 1760 diapente

257 1767 313 1799 Fit
335 1776 395 1806 par
419 1776 577 1809 sonorum,

257 1814 340 1847 Tota
362 1815 433 1856 lege
456 1815 645 1847 musicorum

256 1861 328 1894 Hoc
350 1862 550 1902 prohibente.

257 1957 466 1990 Astronomus
491 1957 571 2000 visu,
597 1961 703 1990 mente

255 2004 295 2036 In
318 2004 379 2035 hoc
401 2005 548 2046 haesitat,

258 2050 348 2090 Quod
373 2052 420 2083 sol
444 2052 551 2084 latitat

261 2097 324 2130 Sub
350 2099 452 2141 stella,
478 2103 626 2131 manente

259 2145 341 2177 Solis
365 2146 546 2186 splendore,

260 2192 361 2225 Stella
384 2193 456 2232 plus
481 2202 568 2225 more

258 2239 397 2272 Pristino
421 2239 556 2273 lucente.

260 2287 333 2320 Hoc
357 2287 396 2319 ab
421 2286 477 2319 illo
501 2287 595 2321 vilius

259 2335 332 2368 Non
355 2334 394 2366 fit
417 2335 564 2375 lucendo,

260 2382 325 2415 Sed
353 2391 387 2414 se
412 2385 519 2415 mutuo
544 2384 686 2424 augendo

257 2430 382 2462 Lucent-
403 2431 526 2470 purius.

857 257 918 291 3b.

855 823 915 856 4b.

854 1391 912 1426 510.

848 1958 910 1993 eb.

945 255 1040 288 Nunc
1063 255 1185 296 logicus
1211 255 1365 286 admirari

945 303 1085 346 Cogitur,
1114 302 1188 341 quia

943 350 1042 382 Simul
1067 351 1142 381 sunt
1167 348 1330 381 contraria

943 398 1031 431 Soita
1055 396 1182 439 sociari,

941 446 1056 478 Partus
1082 443 1199 484 pudori

941 492 986 524 Et
1009 493 1055 524 ita
1080 491 1161 524 mori

943 540 1005 571 Hic
1028 539 1136 571 locus:
1162 539 1254 571 Haec
1277 539 1357 570 mari

940 587 1060 619 Mulier
1085 586 1265 627 concubuit,

941 633 975 666 Si
1000 636 1097 674 partu
1120 633 1208 666 laeta

940 682 1025 725 Fiat,
1052 691 1126 713 nam
1151 681 1262 714 eadem
1288 678 1355 712 feta

939 728 985 762 Et
1007 729 1098 769 virgo
1122 727 1194 762 fuit.

939 823 978 856 In
1001 823 1052 855 his
1075 823 1238 855 haesitans
1262 822 1420 862 stupescit

938 871 1178 909 Arithmeticus,

938 918 1020 950 Nam
1047 926 1196 949 numerus
1223 918 1352 949 cubicus

942 965 979 998 ln
1005 975 1040 997 se
1066 965 1233 1006 decrescit,

943 1012 1025 1045 Suae
1050 1013 1153 1045 radici

940 1060 986 1093 Ut
1009 1060 1111 1100 possit
1137 1060 1201 1092 dici

943 1106 1130 1148 conformis,
1157 1107 1211 1138 hic
1232 1105 1344 1142 nescit,

940 1154 1112 1195 Quomodo,
1139 1163 1220 1194 quae
1243 1161 1375 1185 numero

941 1201 1045 1243 Caret,
1072 1204 1187 1234 natura

938 1249 1133 1281 Numer-atur
1158 1252 1191 1281 et
1213 1248 1261 1281 sic
1285 1248 1380 1289 plura

937 1296 1044 1329 Possit
1068 1295 1149 1329 fieri.

940 1391 1137 1431 Tetragonus
1164 1390 1344 1423 continetur

936 1437 1027 1471 Infra
1051 1439 1221 1482 trigonum,

936 1485 1093 1526 Trigonus
1118 1484 1205 1518 infra
1230 1494 1353 1527 conum,

936 1534 1006 1566 Iam
1029 1533 1131 1565 maior
1154 1533 1292 1565 habetur

938 1581 1092 1612 Punctum
1117 1580 1213 1620 linea,

936 1626 1028 1667 eqio
1051 1629 1149 1668 tinea,

939 1675 1153 1715 centrumque
1178 1678 1325 1707 censetur

936 1721 1106 1754 Excedere
1131 1722 1294 1764 circulum,

936 1768 1044 1801 Minor
1067 1770 1212 1811 pigmaeo

937 1815 994 1848 Fit
1016 1817 1115 1859 gigas,
1141 1817 1232 1850 alvus
1257 1816 1293 1848 fit
1316 1816 1386 1849 Deo

937 1864 1198 1905 Receptaculum‚

936 1958 1026 1991 Haec
1051 1962 1100 1991 est
1125 1960 1213 2000 virgo
1238 1961 1421 2003 singularis,

937 2008 1058 2040 Parens
1083 2009 1188 2049 unica,

936 2055 1054 2087 Arctos
1079 2055 1217 2096 nautica,

938 2102 1053 2135 Portus
1078 2103 1238 2142 salutaris,

938 2148 1027 2182 Vena
1054 2151 1172 2190 veniae,

940 2197 1055 2230 Portus
1080 2199 1212 2240 gloriae,

938 2245 1037 2285 Quam
1064 2245 1121 2279 dos
1146 2247 1300 2286 puellaris

938 2292 1072 2324 Decoris
1097 2303 1160 2326 non
1187 2294 1315 2340 deserit,

937 2340 1038 2372 Immo
1062 2341 1172 2381 puella

938 2386 1073 2420 Manens
1100 2392 1131 2420 et
1156 2390 1245 2430 v'u·go
1270 2392 1391 2425 tenella

938 2434 1043 2466 Deum
1065 2437 1203 2477 peperit.
