1651 2700
657 158 915 193 -211-

139 251 198 283 22.
223 250 323 293 Ergo,
350 250 462 291 regina
487 252 656 292 caelorum,
829 257 885 290 24.
912 255 1004 287 Dona
1027 254 1114 287 vitae
1138 255 1293 295 spiritalis

221 298 331 331 Mater
355 299 441 339 regis
469 300 663 342 angelorum,
910 303 1011 335 Nobis
1039 302 1205 335 conferens
1232 304 1368 336 carnalis

270 346 372 387 Opem
397 345 448 378 fer
472 348 648 389 egentibus,
958 350 1051 383 Vitae
1078 351 1166 382 levet
1188 351 1276 391 talia,

221 393 313 426 Laxa
338 394 447 427 vincla
471 398 684 436 peccatorum,
908 398 1001 431 Dans
1028 399 1173 430 caelestis
1198 398 1289 430 nobis
1314 408 1428 438 panem

223 440 290 473 Nos
316 441 447 474 absolve
471 442 622 475 vitiorum
908 446 1050 477 Mentem
1076 455 1205 486 aegram
1230 455 1268 478 ac
1293 446 1420 478 inanem

270 488 397 521 Morbis
423 490 689 530 opprimentibus.
956 493 1090 525 Liberet
1114 493 1232 527 inedia.

142 585 197 618 23.
225 583 282 616 Nil
306 584 447 625 neganti,
474 587 586 626 mater,
613 588 688 618 nato
826 589 882 621 25.
908 589 975 620 Iter
998 588 1091 620 huius
1117 589 1202 621 vitae
1227 590 1347 629 planet,

221 631 286 663 Pro
312 632 451 673 aegrotis
477 633 669 674 supplicato,
907 635 1025 667 Fessos
1053 635 1150 675 iuvet,
1175 645 1286 677 aegros
1312 638 1416 676 sanet,

269 679 331 711 Det
359 679 494 711 salutem
518 680 656 722 miseris,
957 683 1105 716 Deducat
1129 693 1187 723 per
1212 693 1336 724 aspera,

221 726 284 759 Pro
317 727 432 767 quibus
461 730 494 759 te
518 730 652 760 matrem
677 729 756 769 legit
908 731 1025 763 Hostes
1051 734 1177 770 premat
1201 731 1403 773 obsistentes,

219 774 264 806 Et
291 774 392 806 vitam
416 775 584 807 mortalem
611 776 676 816 egit
910 777 1013 810 Necet
1038 779 1205 811 mordaces
1231 782 1407 820 serpentes,

269 822 331 854 Hic
355 822 389 854 in
412 822 484 854 istis
508 821 633 855 inferis.
958 825 1080 858 Cuncta
1106 827 1203 859 donet
1225 835 1390 867 prospera.

200 906 273 934 Clm.
296 907 450 935 Monacen.
471 905 521 942 (01.
544 905 738 944 Airispacen.)
759 906 844 937 2600.
865 917 941 937 saec.
963 907 1038 939 12l13.

261 1605 315 1638 10.

261 1843 316 1877 15.

258 2083 315 2117 20.

256 2325 313 2360 25.

568 1075 630 1106 165.
661 1075 705 1107 De
724 1075 819 1107 beata
839 1074 941 1106 Maria
959 1075 997 1107 V.

345 1175 445 1207 Stella
470 1174 580 1216 maris,
611 1183 732 1206 summo
758 1174 893 1206 rutilans
917 1174 951 1205 in
978 1174 1110 1206 cardine
1135 1175 1225 1216 caeli,

386 1223 627 1255 Praemonstrat
655 1222 776 1253 cunctis
802 1230 895 1253 omne
920 1222 1032 1253 salutis
1056 1222 1129 1257 iter.

343 1270 519 1303 Exsulibus
544 1270 660 1311 patria,
687 1272 800 1309 portus
826 1272 858 1300 et
882 1270 977 1301 litora
1000 1270 1118 1311 nautis,

392 1318 461 1357 Qua
491 1318 562 1349 luce
587 1317 686 1349 Scilla
709 1317 813 1349 latens
835 1317 922 1349 nilve
948 1316 1127 1356 Charybdis
1145 1317 1246 1351 obest.

345 1366 440 1398 Hanc
464 1366 589 1397 stellam
615 1367 757 1397 nostram
783 1365 811 1396 si
830 1365 926 1397 lunae
951 1373 1110 1406 comparo,
1135 1364 1243 1404 fallor,

393 1413 552 1453 Comparo
577 1413 605 1444 si
630 1413 700 1452 soli,
725 1421 786 1444 nec
809 1413 887 1444 satis
912 1412 994 1444 illud
1018 1412 1088 1445 erit.

345 1461 520 1494 Stellarum
545 1460 639 1492 stella
664 1462 723 1502 est,
747 1460 844 1491 lunae
866 1460 933 1501 lux,
959 1459 1061 1500 gloria
1086 1460 1172 1501 solis,

390 1509 478 1541 Fons
504 1508 596 1548 luciS,
622 1508 734 1540 mundi
758 1508 922 1548 splendor,
949 1507 1078 1539 honoris
1103 1508 1214 1539 honor.

343 1557 425 1589 Tota
462 1557 588 1599 decens,
615 1558 684 1588 tota
708 1555 934 1595 pulcherrima,
961 1558 1030 1586 tota
1054 1553 1201 1595 refulget,

391 1604 431 1636 In
456 1613 519 1644 qua
543 1604 589 1635 nil
613 1603 767 1644 maculae,
793 1603 840 1634 nil
864 1603 927 1634 nisi
951 1602 1024 1634 labe
1049 1610 1172 1635 carens.

344 1652 529 1686 Immortale
555 1651 662 1693 decus,
689 1651 852 1691 speculum
878 1650 1017 1694 virtutis,
1042 1650 1192 1683 honestas

390 1700 529 1740 Morum,
551 1699 694 1731 iustitiae
718 1707 839 1738 norma,
868 1698 992 1730 decoris
1018 1706 1111 1737 apex.

341 1748 499 1787 Eclipsim
523 1747 645 1779 nullam
669 1746 801 1787 patitur,
828 1754 1017 1786 semperque
1042 1754 1156 1778 serena

389 1795 479 1827 Luce
502 1795 601 1827 micat
625 1792 735 1838 facies,
762 1793 873 1826 nubila
896 1793 986 1825 nulla
1009 1795 1131 1834 tegunt,

344 1843 382 1875 ln
408 1852 471 1882 qua
495 1843 649 1875 virtutum
674 1841 746 1874 fons
772 1843 821 1873 est
846 1844 879 1873 et
906 1841 1060 1881 splendor
1085 1842 1221 1883 honesti,

390 1889 504 1922 Gratia
527 1890 624 1930 plena
647 1889 710 1921 Dei
734 1892 986 1929 perpetuumque
1013 1889 1120 1923 decus·

342 1938 378 1971 In
406 1947 468 1978 qua
493 1940 567 1978 post
592 1937 752 1970 Christum
777 1937 888 1969 mundi
913 1945 999 1979 spes,
1024 1937 1142 1977 lumen,
1168 1937 1302 1977 asylum,

389 1986 475 2030 Vita,
503 1985 600 2027 salus,
626 1985 740 2026 virtuS,
766 1984 877 2025 gloria,
904 1985 974 2016 laus
1000 1986 1033 2016 et
1055 1984 1167 2020 honor.

342 2034 401 2068 Cui
427 2034 550 2066 caelum
575 2035 739 2075 properat,
765 2033 867 2066 undat
890 2041 989 2074 mare,
1015 2034 1103 2066 terra
1127 2033 1267 2074 virescit,

391 2081 449 2115 Cui
474 2090 572 2122 genus
598 2081 769 2113 humanum
793 2080 944 2113 laudibus
969 2080 1126 2121 invigilat.

340 2131 403 2163 Illa
427 2130 612 2162 laborantes
637 2129 758 2170 scylleo
783 2129 908 2170 gurgite
933 2129 1047 2169 salvat,

390 2178 485 2211 Cuius
510 2178 631 2210 virtute
655 2177 793 2210 turbinis
813 2186 893 2210 aura
912 2176 1007 2217 perit.

338 2226 401 2259 Illa
426 2225 517 2267 fugat
539 2226 628 2267 vitia,
654 2224 791 2257 famulos
811 2225 984 2257 virtut-ibus
1009 2227 1113 2266 ornat,

387 2275 478 2307 Haec
502 2273 722 2315 paradisiacas
747 2274 816 2306 sola
840 2271 997 2305 reformat
1020 2281 1107 2313 opes.

339 2324 409 2364 Qua
433 2323 503 2355 sine
528 2323 606 2362 quid
631 2322 778 2365 mundus,
805 2322 883 2362 quid
907 2321 1018 2353 mundi
1043 2321 1146 2362 gloria
1169 2319 1336 2362 praestet?

389 2372 558 2414 Plangere,
584 2370 719 2412 tristari,
745 2368 833 2411 fiere,
860 2370 979 2410 dolere,
1005 2370 1098 2404 mori.

192 2459 273 2487 Orat.
294 2467 347 2486 ms.
367 2457 493 2486 Maioris
515 2456 691 2485 Oai-thusiae
711 2464 789 2485 saec.
812 2452 887 2485 ¹4l15.
911 2455 981 2484 Cod.
1003 2453 1262 2491 Gratianopolitan
1284 2451 1345 2481 181.

1202 2500 1262 2530 14*
