1651 2700
663 112 924 148 ——217—

141 201 190 239 18,
212 203 230 230 8
250 206 363 232 mentes
384 205 417 233 B.
435 221 473 226 —
496 204 539 240 19,
563 204 578 234 1
598 206 672 235 Esto
693 208 781 236 nobis
801 209 861 236 ΒΟ,
881 222 921 227 —
942 206 985 243 19,
1007 206 1025 236 5
1044 207 1157 243 lignum
1179 207 1209 235 O.
1231 224 1270 228 -—
1290 208 1335 245 20,
1357 207 1375 236 5
1393 210 1457 238 Tuo

139 249 261 269 munere
282 241 313 269 O.
340 256 378 262 -—
405 241 459 279 21,
483 243 498 272 1
518 244 567 273 Ex
594 248 626 273 te
651 248 796 282 processit
814 248 856 283 B;
883 246 925 274 Et
950 246 1083 282 prodivit
1102 246 1133 274 C.
1154 259 1192 265 —
1212 244 1257 279 21,
1279 246 1297 274 2
1315 248 1459 275 mirabilis

138 280 173 307 Β.
201 294 240 298 -
268 278 319 316 21,
341 279 359 309 3
379 282 461 310 Deus
488 292 575 311 verus
597 283 628 311 Ο.
655 297 693 303 —
721 282 771 319 21,
792 283 813 313 4
836 285 923 313 homo
949 285 1093 312 veraciter
1111 284 1168 312 BC.
1195 299 1234 303 —
1256 283 1306 319 21,
1328 284 1345 313 5
1368 285 1458 313 Cuius

140 320 238 346 ortum
261 319 319 347 BG.
341 333 378 339 -ι-
401 318 452 356 21,
474 320 491 348 7
513 321 583 357 Ipso
603 321 638 348 A.
659 336 697 341 —
716 320 762 357 23,
785 321 800 350 1
823 324 893 351 Mea
910 323 980 351 licet
998 322 1056 351 BC.
1111 338 1114 342 -
1137 320 1182 357 23,
1205 319 1223 349 3
1248 323 1284 349 [⁴:²0
1304 324 1383 351 omni
1403 325 1459 351 sim

138 356 181 391 Β,
206 355 250 383 Et
276 357 416 394 indignus
438 359 469 387 C.
492 373 527 378 —
561 357 611 393 23,
632 358 653 387 4
672 361 727 388 sim
748 363 828 389 omni
847 362 934 389 venia
955 361 986 388 G,
1007 375 1045 380 ——
1065 358 1110 395 23,
1131 359 1148 388 6
1170 361 1219 397 qui
1240 363 1323 396 potes
1343 360 1402 389 BC.
1422 376 1459 380 —

141 393 186 430 25,
209 392 227 421 5
247 396 293 423 De
315 396 401 423 euius
422 397 467 424 sol
491 397 523 425 C.
543 413 581 418 —
601 396 647 432 26,
669 397 686 426 5
706 398 787 435 Ergo
808 400 897 427 talem
917 400 952 427 A.
971 414 1010 418 —
1030 396 1075 433 26,
1090 396 1108 426 8
1128 407 1188 426 non
1207 407 1292 434 spero
1312 399 1459 427 modicum

141 432 173 460 Ο.
194 446 232 450 -
253 431 300 468 27,
321 431 339 461 8
360 435 473 462 servuli
493 435 550 464 Bo.
572 450 609 454 --
624 436 681 464 Str.
704 434 740 463 29
760 437 821 464 und
841 435 878 465 30
895 437 992 465 fehlen
1007 435 1037 464 O.
1052 452 1087 456 —
1104 434 1149 470 29,
1165 435 1182 464 5
1204 437 1240 463 ob
1260 446 1357 464 meum
1374 437 1408 464 B.

139 469 185 506 29,
208 469 226 497 7
247 471 371 499 Nullum
396 473 455 500 sibi
475 474 508 501 B.
530 487 567 491 —
588 472 641 508 29,
673 472 691 502 8
712 477 828 510 oportet
846 475 879 504 B.
899 489 938 494 —
958 473 1003 512 30,
1027 473 1047 502 4
1068 475 1105 502 ad
1124 478 1227 503 nostra
1246 475 1357 511 gaudia
1376 475 1408 503 Β.
1422 489 1460 493 —-

142 507 189 544 30,
211 506 230 536 8
249 511 332 537 vitae
352 510 464 545 gauffia
481 512 516 539 B.
536 526 575 530 —
597 511 655 539 Ofr.
674 512 778 540 Milch.
797 514 823 548 Ι,
843 510 890 541 92.

595 632 656 664 168.
689 631 732 663 De
751 632 848 664 beata
867 632 966 664 Maria
985 634 1020 665 V.

159 702 190 736 1.
216 700 321 742 Super
347 703 477 734 cunctas
503 704 534 734 et
557 711 637 742 prae
654 702 775 735 cunctis
847 703 879 736 4.
901 702 1077 744 Singularis
1103 712 1136 735 es
1162 707 1194 736 et
1219 713 1290 746 una,

214 749 283 781 Iam
311 749 429 790 puellis
456 749 583 782 Christo
608 750 726 782 iunctis

212 796 260 828 Te
285 797 415 836 extollo,
438 799 472 828 te
496 798 627 840 honoro,

213 844 392 885 Seraphino
416 853 515 885 super
540 845 635 876 choro

214 892 303 932 Quae
327 894 477 933 potenter
503 892 688 935 dominaris,

213 939 382 973 Universis
407 940 612 980 principaris,

261 988 370 1020 Maria
393 986 637 1027 perfectissima.

156 1058 188 1089 2.
214 1054 411 1096 Imperatrix
436 1055 627 1096 reginarum,

214 1103 310 1135 Arcis
336 1102 412 1135 Sion
436 1105 598 1143 sceptrum
624 1103 743 1136 clarum

215 1150 345 1183 Summa
366 1152 479 1183 tenens
502 1152 672 1191 potestate,

217 1199 255 1231 In
283 1207 345 1239 qua
370 1198 477 1230 cuncti
503 1198 633 1230 civitate

219 1246 267 1278 Te
291 1246 434 1286 reginam
459 1249 663 1286 venerantur,

221 1294 434 1334 Inclinantur,
459 1294 670 1327 incurvantur

266 1342 339 1374 Tne.
360 1342 404 1374 ad
428 1341 574 1382 imperia.

162 1411 195 1443 3.
220 1408 421 1448 Principissa
443 1411 479 1439 tu
503 1408 682 1449 praeclara,

223 1456 351 1489 Christo
376 1464 494 1495 sponso
518 1455 612 1489 valde
638 1464 720 1499 cara,

220 1503 322 1543 Quem
351 1504 493 1536 iucunde
516 1503 683 1544 oscularis,

221 1551 434 1584 Laetabunde
459 1551 664 1592 amplexaris,

225 1599 323 1633 Cuius
349 1602 443 1640 gustu
467 1599 607 1639 satiaris,

222 1647 293 1680 Nec
318 1657 338 1680 a
363 1656 520 1688 quoquam
545 1647 709 1687 superaris

269 1695 334 1728 Per
360 1697 475 1727 cuncta
500 1694 580 1727 caeli
606 1695 743 1735 agmina.

907 750 965 783 Cui
989 751 1078 784 nulla
1103 754 1151 784 est
1175 752 1327 792 secunda,

904 799 995 831 Intra
1019 798 1151 830 thalami
1176 802 1301 831 secreta

906 845 1033 878 Gubans
1059 855 1130 879 cum
1150 848 1266 879 dilecto
1290 847 1386 887 laeta,

904 892 1001 926 Cuius
1026 892 1144 926 frueris
1170 894 1332 935 amplexu,

901 940 980 972 Eius
1006 942 1147 982 gaudens
1172 942 1206 974 in
1230 946 1372 982 aspectu,

948 988 1072 1028 Sponsa
1102 989 1308 1022 divinissima.

844 1055 875 1087 5.
902 1054 1055 1087 Nostrum
1083 1055 1178 1088 decus
1203 1058 1235 1086 et
1258 1057 1399 1096 lucerna,

903 1101 951 1133 Te
974 1102 1103 1143 appello
1128 1106 1201 1135 tuus
1229 1111 1334 1142 verna,

905 1148 999 1181 Cuius
1024 1149 1116 1182 thoro
1144 1151 1291 1189 virginali

906 1196 1039 1238 Semper
1064 1198 1162 1237 glisco
1188 1195 1337 1230 famulari

905 1243 984 1276 Cum
1011 1247 1141 1277 caterva
1165 1246 1355 1288 puellarum,

903 1291 1041 1324 Tuarum
1069 1294 1343 1336 pedissequarum,

955 1340 1003 1372 Te
1025 1344 1199 1381 praesenta
1222 1339 1301 1374 filio.

850 1408 882 1440 6.
911 1408 973 1440 Pro
998 1415 1050 1439 me
1073 1408 1164 1439 illum
1191 1407 1382 1452 depreceris,

910 1455 997 1495 Quae
1021 1455 1183 1495 repulsam
1207 1464 1273 1487 non
1296 1456 1429 1499 vereris,

910 1503 997 1535 Ante
1020 1502 1169 1535 thronum
1193 1504 1382 1544 maiestatis,

911 1550 958 1583 Ut
982 1551 1127 1591 ignoscat
1147 1551 1208 1583 mis
1230 1553 1372 1590 peccatis

911 1598 1030 1639 Meque
1054 1598 1166 1643 salvet,
1194 1599 1248 1638 qui
1275 1599 1396 1632 creavit

910 1646 956 1678 Et
981 1654 1093 1678 cruore
1119 1655 1175 1678 suo
1201 1645 1291 1688 lavit,

960 1694 1022 1727 Suo
1049 1696 1163 1734 aptans
1188 1694 1280 1728 solio.

228 1770 310 1798 Orat.
339 1778 392 1798 ms,
418 1771 600 1807 'Peg-urinum
629 1772 699 1798 anni
730 1767 813 1798 1470.
861 1768 933 1797 clm.
959 1770 1113 1797 Monacen.
1146 1767 1254 1798 20021.
1282 1771 1317 1798 A.
1343 1785 1381 1790 —-
1401 1770 1471 1799 Cod-

153 1810 184 1838 S.
203 1809 286 1837 Petri
307 1808 510 1845 Salisburgen.
530 1809 549 1838 b
570 1809 630 1837 VH
654 1807 697 1837 10.
724 1816 799 1836 saec.
831 1807 875 1837 15,
896 1809 929 1836 Β.
950 1824 988 1828 -
1009 1806 1040 1841 2,
1061 1806 1082 1835 4
1100 1808 1137 1835 In
1157 1815 1332 1845 quacunque
1351 1810 1473 1837 civitate

152 1849 187 1877 B.
212 1863 250 1868 —
275 1844 308 1882 3,
330 1845 347 1874 5
366 1846 442 1875 Eius
470 1850 559 1883 gustu
579 1847 612 1875 B.
638 1862 677 1866 —
702 1844 735 1881 5,
755 1846 772 1874 7
793 1848 879 1876 Lies:
909 1847 961 1875 Me
986 1848 1163 1883 praesenta?
1193 1860 1228 1866 ν-
1254 1844 1288 1881 6,
1307 1847 1324 1874 7
1348 1848 1398 1875 Me
1419 1857 1472 1876 suo

154 1889 261 1923 optans
281 1886 315 1914 B.

502 1996 565 2029 169.
596 1997 704 2029 Oratio
725 1997 766 2028 311
784 1998 913 2030 beatam
935 1997 1069 2030 Mariam
1086 1997 1124 2029 V.

168 2071 198 2106 1.
226 2069 274 2102 Te
300 2069 416 2103 devote
441 2069 573 2101 colimus

273 2117 414 2151 Matrem
442 2117 612 2150 salvatoris

226 2165 272 2199 Et
297 2165 395 2199 corde
420 2165 623 2206 deposcimus

276 2214 395 2248 Natam
419 2214 645 2255 redemptoris,

226 2262 341 2305 Terge,
367 2262 452 2303 quod
480 2262 704 2303 delinquimus,

274 2311 323 2343 Tu
347 2310 466 2343 crimen
492 2310 621 2349 erroris,

226 2359 309 2391 Nam
335 2359 378 2392 ad
401 2361 435 2391 te
459 2359 664 2399 recurrimus,

274 2407 446 2449 Speculum
470 2407 612 2441 honoris.

856 2072 888 2103 2.
916 2068 1018 2101 Stella
1046 2069 1144 2102 maris
1171 2069 1298 2110 diceris,

963 2117 1051 2150 Rosa
1073 2117 1143 2150 sine
1167 2117 1270 2158 spina,

912 2164 979 2197 Fer
1001 2165 1145 2198 solamen
1165 2165 1301 2208 miseris,

965 2213 1014 2245 Tu
1040 2213 1121 2245 caeli
1145 2213 1265 2257 regina,

916 2260 1046 2294 Cunctis
1070 2262 1163 2295 nobis
1189 2262 1296 2301 egenis

965 2309 1091 2343 Gaudia
1115 2309 1262 2350 propina,

916 2357 1043 2391 Eruens
1067 2358 1107 2390 ab
1132 2356 1245 2389 inferis

963 2405 1009 2438 Et
1031 2406 1120 2447 turpi
1141 2405 1243 2439 ruina.
