1651 2700
181 211 211 243 7.
237 210 343 252 Virgo,
368 215 478 244 sancta
502 212 626 244 trinitas

284 257 361 290 fecit
382 260 574 291 mansionem

237 304 364 346 Tecum,
391 306 546 347 praebens
570 306 691 347 gloriae

283 354 579 396 praegustationem,

234 400 279 432 Et
302 400 451 433 virtutum
479 401 613 433 omnium

285 448 339 480 dat
363 447 601 488 perfectionem,

234 495 369 527 Matrem
397 495 516 527 Christi
540 494 658 526 faciens

279 551 338 581 per
359 543 553 575 electionem.

231 599 415 639 Benedicta,
441 599 575 631 benedic

277 648 310 677 te
332 646 565 686 benedicentes,

231 693 298 725 Fac
321 694 353 724 in
378 695 440 725 tuis
464 692 611 725 laudibus

278 741 342 772 sint
365 739 577 780 proficientes,

232 785 335 819 Affice
358 787 525 819 dulcedine

277 837 332 866 tua
355 837 479 866 nostras
503 838 624 867 mentes

230 881 275 913 Ut,
303 882 336 913 in
361 883 422 914 tuis
447 882 595 914 laudibus

276 937 401 968 semper
427 930 493 962 sint
513 929 683 962 ferventes.

198 1012 204 1018 .
230 985 342 1019 Honor
365 986 425 1018 tibi
449 994 575 1026 semper
599 987 639 1019 sit

278 1033 434 1075 virginum
458 1035 596 1075 reginae,

232 1083 319 1119 Quae
341 1080 373 1112 in
399 1082 470 1113 aula
492 1082 611 1113 caelica

273 1137 387 1168 regnas
411 1129 480 1160 sine
502 1128 577 1170 fine,

231 1175 330 1207 Prece
354 1178 408 1207 ‘tua
436 1176 568 1208 subveni

273 1223 359 1262 genti
382 1224 578 1264 peregrinae,

227 1270 277 1302 Ne
301 1270 333 1301 in
359 1268 422 1302 fine
445 1271 563 1303 saeculi

273 1320 382 1357 pateat
405 1319 526 1352 ruinae.

235 1391 315 1419 Orat.
335 1401 388 1420 ms.
407 1392 586 1429 Tegurinum
608 1396 678 1421 anni

697 115 931 151 -24-

858 210 912 244 10.
939 210 964 243 O
990 208 1048 242 flos
1073 207 1257 249 pudicitiae,

983 259 1086 289 mater
1110 254 1252 298 pietatis,

936 304 1030 337 Sidus
1056 302 1271 343 castimoniae,

985 351 1041 383 dos
1065 349 1269 390 virginitatis,

935 397 1109 431 Plenitudo
1134 396 1258 437 gratiae

982 445 1084 477 forma
1112 443 1291 486 aequitatis,

933 493 1112 525 Exordium
1142 491 1294 530 laetitiae,

981 541 1092 572 hortus
1119 538 1304 579 voluptatis

932 598 1069 631 Arcanis
1097 596 1263 629 dominicis

979 645 1067 685 virgo
1093 647 1161 676 tota
1185 644 1290 684 plena,

932 693 1129 733 Exstirpatis
1154 691 1240 724 vitiis

980 742 1065 773 intus
1088 749 1146 772 nos
1169 748 1292 779 serena,

934 788 978 821 Ut
1001 791 1184 821 nostrorum
1209 788 1364 819 scelerum

980 835 1032 868 hic
1055 835 1182 869 indulta
1206 844 1309 875 poena

933 883 1000 916 Nos
1027 883 1172 916 caelestis
1196 883 1322 924 patriae

981 932 1078 964 ducas
1102 931 1136 963 in
1162 939 1303 963 amoena.

932 988 1016 1021 Nato
1043 997 1127 1020 nunc
1151 987 1293 1028 virgineo

979 1036 1128 1068 cordibus
1153 1035 1286 1068 intensis

933 1084 1130 1116 Assistamus
1156 1083 1272 1124 iugiter

980 1134 1012 1163 et
1034 1131 1180 1163 manibus
1207 1132 1346 1163 extensis

930 1178 1124 1211 Resonemus
1150 1178 1244 1210 labiis

978 1227 1096 1258 nostris
1120 1227 1154 1259 in
1180 1227 1347 1259 condensis

932 1274 1078 1306 Actionis
1107 1275 1231 1314 gratiae

979 1331 1038 1363 pro
1065 1323 1158 1354 donis
1180 1322 1345 1363 impensis,

699 1393 781 1423 1467.
823 1396 896 1423 Clm.
916 1397 1069 1424 Monaeen.
1092 1395 1198 1425 19991.
1219 1411 1257 1416 —
1279 1398 1339 1426 Die
1360 1396 1384 1426 1.
1404 1401 1465 1428 und

852 598 906 631 11.

851 990 904 1023 12.

180 1449 183 1455 .
206 1429 331 1466 §trel-,he
356 1433 395 1457 ist
420 1430 483 1458 dem
506 1431 706 1460 Glossenliode
725 1433 859 1469 gleiehen
879 1434 1025 1470 Anfangs‚
1050 1435 1157 1463 Annal.
1177 1435 1277 1467 XXX,
1305 1434 1373 1470 274,
1403 1441 1462 1467 ent-

157 1476 301 1501 nrinmon,
324 1468 380 1495 Sir.
400 1468 417 1495 7
438 1471 524 1497 unter
543 1469 716 1507 Anlehnung
739 1480 777 1498 an
797 1472 930 1500 dasselbe
949 1472 1302 1510 zusammengekommen.

607 1572 647 1604 13.
679 1572 721 1604 De
740 1574 835 1605 beata
853 1574 955 1606 Maria
974 1575 1009 1607 V.

172 1651 201 1681 l.
229 1651 296 1681 Ave
323 1650 375 1682 dic
400 1651 440 1682 ad
466 1651 631 1693 virginem,

276 1696 473 1730 Genetricem
504 1700 635 1741 gratiae,

229 1744 347 1776 Salutis
375 1745 586 1787 dulcedinem,

276 1792 411 1825 Fontem
433 1793 616 1833 patientiae.

171 1849 200 1880 2.
227 1847 317 1880 Haec
341 1852 388 1881 est
413 1851 485 1882 aula
510 1851 607 1893 regia,

275 1896 396 1937 Regina
420 1898 618 1940 prudentiae,

226 1943 324 1981 Virgo
349 1945 444 1985 plena
468 1947 581 1987 gratia,

272 1993 398 2024 Aurora
419 1993 571 2028 laetitiae.

166 2048 197 2080 3.
222 2047 311 2080 Haec
336 2051 383 2080 ost
407 2050 502 2082 melle
529 2051 661 2088 dulcior,

275 2095 440 2128 castitatis
465 2097 576 2137 lilium,

225 2143 354 2183 Iaspide
380 2145 589 2184 splendidior„

272 2191 390 2223 Gaudii
416 2192 578 2225 solacium.

167 2249 197 2280 4.
226 2248 250 2280 O
277 2247 347 2280 fons
373 2249 579 2286 admirabilis,

271 2296 365 2329 Fidei
389 2296 591 2341 principium,

223 2343 332 2376 Mater
356 2345 541 2386 amicabilis,

273 2392 335 2424 Vas
360 2393 468 2425 odoris
492 2394 639 2434 pretium,

850 1657 882 1688 5.
908 1656 956 1688 Tu
982 1665 1016 1688 es
1040 1658 1124 1699 regis
1149 1659 1287 1699 speciosi

955 1703 1063 1737 Mater
1086 1705 1320 1747 honestissima,

909 1751 996 1783 Odor
1020 1753 1113 1785 nardi
1137 1755 1282 1798 pretiosi,

954 1799 1040 1832 Rosa
1061 1802 1260 1835 suavissima.

848 1857 880 1889 6.
906 1855 1013 1889 Arbor
1037 1858 1134 1898 vitae,
1159 1859 1257 1900 digna
1278 1862 1384 1900 laude,

954 1904 1055 1937 Stella
1077 1905 1319 1949 fulgentissima,

907 1951 1068 1985 Generosa
1092 1958 1204 1998 mater,
1231 1957 1345 1999 gaude,

952 1999 1119 2041 virginum
1145 2004 1357 2039 sanctissima.

847 2057 877 2088 7.
902 2058 953 2089 Tu
978 2066 1011 2089 es
1035 2059 1089 2091 via
1110 2064 1324 2105 peccatorum,

950 2104 1074 2147 Regina
1099 2108 1233 2150 consilii,

905 2152 992 2191 Quae
1016 2156 1165 2194 concepit
1187 2154 1297 2189 florem
1323 2157 1447 2203 florum,

948 2201 1119 2243 Christum,
1145 2202 1267 2237 fontem
1292 2207 1411 2247 gaudii.

845 2258 877 2291 8.
903 2258 1004 2298 Virga
1025 2259 1122 2299 Iesse,
1148 2261 1203 2292 lux
1228 2265 1421 2308 sanctorum,

950 2306 1109 2340 Donatrix
1134 2309 1254 2350 auxilii,

903 2353 1027 2386 Memor
1053 2359 1120 2387 esto
1145 2356 1334 2391 miserorum

948 2403 987 2435 In
1014 2402 1065 2436 die
1087 2403 1210 2440 iudicii.
