1651 2700
645 151 688 156 —
740 130 806 167 151
859 151 903 155 —

567 224 627 256 107.
648 224 692 256 De
712 225 809 256 beata
830 224 931 256 Maria
950 224 985 256 V.

159 294 190 327 1.
218 294 244 327 O
269 294 387 337 Maria,
414 304 533 335 sponsa
557 295 686 338 Christi,

216 341 407 375 Castitatem
436 344 512 375 dum
534 343 661 383 vovisti,

218 389 387 431 Templum
416 399 485 423 esse
509 391 654 423 meruisti

265 437 389 470 Summi
412 438 498 479 regis
522 438 592 471 filii.

219 485 244 517 Ο
270 484 387 525 Maria,
415 490 576 527 sceptrum
602 486 696 529 regis,

218 532 319 575 Virga
343 534 443 576 Iesse,
468 536 572 566 mater
595 534 685 577 legis,

219 578 298 612 Flos
323 581 467 623 pudoris,
494 582 581 613 salus
606 581 722 623 gregiS,

268 628 409 661 Baculus
435 629 568 662 consilii.

187 720 195 727 .
222 694 356 727 Sacrum
380 693 497 727 flamen
521 698 555 727 te
580 695 728 735 replevit,

224 742 318 775 Vitae
340 742 473 775 verbum
498 743 572 774 dum
598 742 728 783 quievit,

220 789 338 822 Mundi
360 790 465 822 scelus
490 791 576 830 quod
602 790 731 830 delevit,

269 839 307 870 In
333 840 375 880 te,
403 838 492 878 virgo
518 837 616 878 regia.

220 885 277 916 Me
300 887 487 925 peccantem
511 887 568 917 tua
589 893 696 924 prece,

221 932 271 964 Ne
295 932 500 965 succumbam
525 933 627 965 hostis
652 940 741 970 nece,

220 979 436 1012 Defoedatum
460 980 572 1012 mortis
593 978 683 1011 faece

269 1028 403 1072 Munda,
430 1037 448 1060 o
475 1028 611 1068 egregia.

189 1121 196 1128 .
224 1093 343 1127 Sordes
370 1103 473 1135 purga
500 1093 698 1133 delictorum,

222 1142 247 1174 Ο
276 1142 412 1174 dulcedo
438 1149 657 1182 supernorum,

223 1189 321 1222 Vitae
345 1191 459 1229 portus
484 1189 682 1228 miserorum,

272 1237 348 1270 Sors
372 1236 522 1278 perennis
548 1237 681 1277 gratiae.

223 1284 356 1317 Manum
381 1284 502 1325 praebe
528 1285 697 1324 desperato

222 1332 269 1364 Et
292 1332 434 1373 peccatis
454 1332 606 1375 obligato,

224 1380 280 1412 Me
301 1381 429 1412 lucrare
452 1382 507 1412 tuo
532 1383 608 1411 nato

272 1427 337 1468 Spe
361 1430 550 1468 perunctum
574 1426 695 1460 veniae.

190 1522 196 1529 .
225 1494 310 1527 Vero
335 1495 403 1527 sole
427 1494 601 1533 illustrata,

221 1543 319 1582 Quasi
345 1543 459 1574 cedrus
486 1542 636 1585 exaltata,

222 1590 312 1624 Favo
337 1589 442 1622 mellis
469 1592 663 1631 comparata,

268 1638 463 1678 Angelorum
490 1637 626 1676 domina,

220 1685 479 1718 Fundamentum
504 1693 537 1716 es
563 1685 717 1717 bonorum

219 1733 265 1766 Et
287 1736 464 1766 cementum
489 1732 716 1774 perfectorum,

219 1781 269 1814 Tu
295 1781 442 1814 columna
465 1784 680 1825 peccatorum,

268 1829 374 1861 Mittis
399 1829 532 1862 vitutum
560 1829 690 1861 semina.

187 1912 193 1918 .
222 1886 309 1925 Quae
333 1895 397 1918 non
420 1884 500 1918 flore
524 1884 690 1925 deflorata,

220 1934 319 1975 Virgo
344 1941 476 1966 manens
501 1933 638 1974 illibata,

221 1982 329 2015 Verbo
352 1981 456 2021 patris
484 1983 616 2014 onerata

266 2029 327 2063 Dei
349 2029 439 2069 paris
464 2028 575 2072 filium,

220 2079 315 2112 Adae
341 2078 435 2119 culpa
459 2086 516 2109 nos
541 2076 664 2117 infecit,

218 2126 333 2159 Morsu
359 2125 447 2168 pomi
471 2125 546 2158 dum
571 2122 687 2157 refecit

222 2175 273 2218 Se,
301 2183 394 2216 quem
419 2181 552 2214 serpens
577 2172 625 2205 sic
649 2172 753 2211 eiecit,

269 2224 398 2256 Intrans
423 2222 456 2254 in
481 2221 638 2255 exsilium.

164 2283 195 2315 6.
224 2280 278 2316 Sic
303 2278 436 2313 offendit
462 2281 638 2312 creatorem

221 2329 295 2362 Non
319 2327 481 2370 repellens
504 2326 736 2368 fraudatorem,

222 2378 322 2418 Quem
339 2379 413 2418 post
428 2377 526 2409 sentit
539 2376 753 2417 deceptorem,

270 2427 400 2459 Labore
426 2425 501 2458 dum
526 2423 700 2465 adfligitur.

848 505 879 538 7.

828 1692 884 1726 10.

827 2086 881 2119 11.

902 295 1094 328 Immortalis
1119 294 1157 327 fit
1180 295 1334 336 mortalis,

902 343 986 375 Tota
1006 344 1100 384 prole
1123 343 1309 383 subiugatis,

901 389 1016 423 Mundi
1041 393 1143 423 status
1167 390 1354 431 inaequalis,

949 438 1004 470 Sic
1027 438 1121 471 homo
1144 439 1249 471 laesus
1272 438 1424 470 laeditur.

907 505 970 537 Sed
996 508 1041 545 tu,
1068 508 1172 538 mater
1196 505 1380 549 conditoris,

907 552 987 594 Spes
1013 553 1135 593 salutis,
1162 551 1220 585 flos
1245 553 1385 592 honoris,

904 600 1099 640 Reparatrix
1125 601 1382 640 transgressoris,

954 647 1118 680 Medicina
1141 648 1272 691 gratiae,

907 694 992 727 Miro
1017 695 1111 727 modo
1137 695 1324 734 subvenisti,

907 742 1039 781 Quando
1065 742 1167 774 Deum
1193 742 1340 784 genuisti,

907 788 975 821 Nos
998 789 1048 821 his
1072 791 1184 830 poenis
1210 789 1366 831 exemisti,

956 836 1068 870 Novae
1092 839 1200 870 nutrix
1227 837 1347 870 veniae.

874 928 881 935 .
907 904 971 936 Per
995 906 1028 935 te
1052 912 1141 936 mare
1165 906 1388 944 transmeatur,

908 951 1008 983 Omne
1032 951 1150 983 malum
1176 952 1323 991 evitatur,

907 998 1015 1030 Omnis
1040 998 1133 1030 labor
1145 1002 1322 1041 superatur,

955 1046 1036 1085 Ave,
1064 1046 1176 1077 mundi
1201 1046 1323 1088 gloria,

910 1094 990 1133 Spes
1014 1093 1170 1125 immensa
1194 1092 1382 1133 peccatoris,

909 1140 1017 1183 Virgo,
1036 1144 1139 1172 mater
1157 1140 1342 1179 conditoris,

909 1189 995 1221 Iram
1021 1188 1116 1229 placa
1139 1189 1318 1230 salvatoris,

957 1236 1008 1267 Tu
1030 1235 1142 1268 salutis
1168 1236 1283 1276 gratia.

877 1328 884 1335 .
910 1303 989 1344 Ave,
1018 1302 1107 1342 virga
1132 1302 1313 1344 pastoralis,

909 1350 1016 1383 Decor
1042 1352 1074 1380 et
1096 1349 1300 1390 pontificalis,

908 1397 1056 1437 Dignitas
1078 1397 1287 1429 sacerdotalis

955 1444 1001 1476 Et
1024 1444 1177 1478 virtutum
1204 1445 1337 1483 cellula3

909 1492 958 1524 Tu
982 1492 1113 1525 lucerna
1139 1493 1206 1524 veri
1235 1492 1322 1531 solis,

910 1539 1143 1572 Salvandorum
1168 1538 1261 1571 firma
1283 1539 1379 1580 polis,

908 1587 1131 1619 Sustentamen
1155 1590 1284 1619 nostrae
1309 1588 1410 1629 molis,

956 1635 1067 1667 Aaron
1084 1637 1119 1667 tu
1132 1634 1266 1675 virgula,

911 1692 954 1724 Se
976 1692 1081 1732 ipsum
1106 1690 1212 1736 (tune)
1239 1692 1415 1724 exinavivit

909 1739 1051 1773 Verbum
1077 1743 1179 1780 patris
1205 1748 1265 1772 nec
1289 1740 1397 1772 amisit

912 1787 1018 1821 Carne
1040 1789 1137 1828 servi,
1165 1797 1259 1828 quam
1280 1787 1420 1829 admisit,

956 1835 1095 1868 Deitatis
1119 1835 1273 1877 gloriam3

910 1885 1011 1924 Quam
1035 1884 1083 1915 sic
1103 1885 1174 1916 arte
1197 1883 1364 1924 palliatam

907 1932 953 1964 Et
975 1931 1105 1963 mortali
1130 1931 1359 1964 circumdatam

907 1980 1031 2011 Tunica
1057 1978 1166 2012 reddit
1190 1979 1329 2012 velatam

957 2027 1144 2060 Nativitatis
1169 2027 1316 2068 gratiam.

908 2085 954 2117 Et
980 2085 1020 2117 de
1044 2085 1122 2117 sede
1146 2086 1315 2129 parentali,

906 2133 1017 2173 Regno
1042 2134 1144 2174 patris
1171 2141 1188 2164 e
1212 2134 1315 2174 regali

907 2182 990 2214 Alvo
1016 2184 1070 2213 tuo
1095 2180 1245 2222 virginali

953 2229 1002 2261 Te
1026 2230 1160 2262 vestitus
1184 2229 1325 2270 prodiit3

908 2277 1116 2310 Sic'mundus
1129 2277 1218 2309 venit
1229 2276 1262 2308 in
1274 2276 1438 2318 mundum,

909 2326 954 2358 Et
976 2325 1038 2358 hoc
1061 2333 1152 2358 mare
1174 2324 1214 2357 fit
1236 2323 1419 2368 iucundum,

908 2374 1051 2407 Mundus
1060 2374 1154 2406 homo
1165 2373 1238 2405 dum
1243 2371 1440 2405 immundum

956 2422 1160 2456 Liberandus
1186 2419 1277 2454 adiit.
