1651 2700
700 158 960 194 —233-

631 269 686 301 191.
717 270 760 302 De
779 271 875 302 beata
894 270 995 303 Maria
1014 271 1049 303 V.

416 348 578 380 Virtutum
603 349 695 391 cella,
720 350 810 390 virgo
835 350 951 391 Maria,
978 351 1059 384 vale.

417 395 481 428 Ore
503 396 641 429 salutata
665 399 701 428 tu
726 396 897 440 Gabrielis,
923 407 991 430 ave.

418 443 578 475 Christum
605 445 785 485 concipiens
810 446 988 485 pneumatis
1013 447 1092 485 arte,
1119 444 1200 477 vale.

416 490 465 522 Tu
489 491 585 523 decus
610 492 779 525 Elisabeth
802 493 935 533 lausque
958 492 1118 535 Iohannis,
1146 500 1214 523 ave.

310 538 342 569 5.
415 537 604 578 Magnificas
630 538 801 572 facientem
829 540 888 572 tibi
911 550 1036 580 magna,
1063 547 1131 573 ave.

368 584 542 625 Postquam
567 587 715 626 prodisti,
743 587 895 628 gaudens,
920 588 1021 620 donec
1045 587 1208 627 peperisti

416 633 545 666 Pellens
570 642 663 666 omne
687 644 794 678 grave,
819 636 908 676 virgo
933 635 1049 679 suaviS,
1076 643 1145 667 ave.

416 680 517 721 Virgo
542 682 646 714 Deum
671 690 837 725 generans,
862 683 973 715 inclita
997 685 1109 720 mater,
1135 691 1204 715 ave.

415 728 569 760 Eiusdem
594 730 703 761 nutrix
727 729 829 761 dulcis
855 732 887 761 et
909 731 1002 771 alma,
1029 731 1110 763 vale.

286 773 341 807 10.
416 775 521 808 Corde
540 785 653 817 gerens
677 777 777 809 verba
801 779 952 818 gestaque
975 782 1098 817 parm,
1124 785 1192 809 ave.

413 823 544 856 Laudat
568 833 663 864 quam
687 824 814 856 Simeon
838 825 1006 867 Annaque,
1030 833 1122 866 pura,
1148 824 1230 857 vale.

413 870 491 902 Nati
517 871 723 904 considerans
748 872 840 912 signa
864 873 1013 913 potentis,
1040 880 1108 904 ave.

366 918 443 950 Post
468 920 573 949 ortum
598 918 720 951 Christi
743 922 878 951 mortem
903 920 1005 952 crucis
1027 927 1127 959 usque
1152 919 1271 953 vidisti.

413 965 475 1005 Egi
503 966 660 1006 quidquid
685 966 778 1009 male,
805 967 890 999 laeta
913 968 1050 1007 remitte,
1076 966 1157 999 vale.

284 1012 339 1045 15.
415 1013 515 1052 Quam
540 1014 670 1045 redimit
693 1014 762 1045 nati
785 1023 872 1046 mors
895 1015 950 1054 pia
974 1021 1104 1054 nosque,
1130 1014 1210 1045 vale.

414 1060 566 1092 Gaudens
592 1061 677 1101 quod
701 1062 804 1093 victor
830 1070 925 1094 carne
949 1062 1075 1102 revimt‚
1102 1069 1171 1093 ave.

414 1107 626 1140 Scandentem
652 1117 785 1141 cernens
810 1112 898 1141 astra
922 1118 1045 1148 serena,
1073 1108 1154 1142 vale.

412 1156 512 1195 Quam
540 1164 609 1187 cum
637 1156 802 1196 discipulis
826 1165 964 1197 pneuma
989 1155 1137 1196 replevit,
1163 1164 1231 1189 ave.

412 1203 450 1235 1n
475 1203 590 1235 throno
616 1204 760 1236 residens
786 1204 972 1246 glorificata,
1000 1205 1081 1237 vale,

280 1251 338 1283 20.
364 1250 443 1282 Post
464 1253 599 1282 mortem
626 1251 756 1293 Christi,
783 1252 884 1284 donec
910 1253 1046 1284 caeleste
1072 1250 1185 1282 subisti

406 1298 561 1338 Regnum,
586 1299 670 1330 laeta
696 1298 769 1332 fave
792 1303 826 1331 tu
850 1299 939 1339 mihi,
966 1303 1077 1342 mater,
1106 1307 1174 1330 ave.

365 1345 467 1377 Stella
491 1347 599 1386 maris,
625 1350 729 1379 mater
753 1347 854 1387 virgo,
877 1356 934 1379 nos
958 1350 1108 1387 protegas
1134 1354 1153 1376 a
1177 1354 1246 1379 vae.

412 1394 511 1433 Quam
534 1394 622 1426 Deus
646 1395 717 1435 ipse
740 1397 834 1434 pater
858 1395 905 1426 sic
931 1395 1102 1432 decoravit,
1128 1401 1197 1427 ave.

243 1477 314 1505 Cod.
334 1478 502 1507 Londinen.
522 1480 596 1515 Reg.
616 1479 634 1507 7
654 1480 681 1507 A
699 1480 752 1508 VI.
773 1488 849 1507 saec.
871 1478 945 1509 ¹4l15.

625 1628 689 1660 192.
718 1629 762 1660 De
776 1628 874 1660 beata
893 1628 995 1660 Maria
1015 1629 1051 1660 V.

583 1728 612 1762 1.
640 1728 773 1769 Ymago,
799 1728 929 1768 imitago

640 1776 856 1809 Mundissima
879 1776 1038 1815 altissimi,

640 1823 797 1857 Genetrix
822 1824 1060 1865 omnipotentis,

176 1912 236 1943 2a.
263 1908 388 1941 Natura
411 1909 522 1941 dolens
548 1910 684 1941 miratur
865 1909 923 1942 210.
952 1910 1038 1943 Ordo
1064 1911 1172 1949 stupet
1195 1911 1362 1951 naturalis,

259 1957 367 1997 Atque
392 1958 486 1999 ratio,
950 1958 1034 1990 Nam
1058 1968 1077 1990 a
1101 1958 1205 1990 rivulo

259 2005 351 2044 Quod
382 2005 430 2039 sic
453 2005 622 2046 privilegio
949 2005 1035 2039 Fons
1060 2009 1180 2047 manat,
1207 2016 1227 2038 a
1250 2005 1382 2039 flosculo

258 2053 322 2085 Suo
350 2053 541 2097 derogatum
951 2049 1087 2099 [Radix]
1114 2057 1146 2086 et
1170 2055 1306 2087 causalis

255 2101 326 2134 Illis
354 2100 483 2134 fortuna
947 2102 1011 2134 Res
1036 2112 1055 2135 a
1080 2105 1219 2143 causato,

257 2150 440 2183 condolens
465 2159 529 2182 una
947 2150 1001 2182 Sic
1027 2153 1219 2183 commutato

255 2197 477 2240 Lamentatur,
947 2199 1068 2231 Ordine
1093 2197 1181 2230 finali

254 2246 349 2279 Licet
374 2246 423 2278 his
450 2245 618 2278 effectuum
945 2246 1010 2279 Res
1036 2249 1125 2279 tenet
1150 2247 1344 2287 principium

256 2294 312 2326 Vis
338 2297 549 2338 supponatur,
946 2294 1000 2327 Sic
1025 2294 1193 2334 variatum,

252 2342 380 2375 Novum
404 2352 485 2383 opus
510 2351 596 2375 nunc
622 2347 750 2374 creatur
944 2343 1035 2376 Idem
1063 2345 1113 2375 est
1130 2351 1273 2381 causans,
1293 2345 1465 2386 causatum,

253 2391 388 2423 Praeter
412 2391 462 2423 ius
488 2400 592 2425 suum.
943 2390 1085 2432 Sequens
1111 2390 1287 2430 praevium.
