1651 2700
678 134 914 171 -45-

499 237 530 269 3.
554 232 601 265 Et
624 235 699 273 post
722 233 783 266 hoc
805 232 949 264 exsilium

555 281 676 313 Possim
703 284 791 313 tuum
813 279 913 313 filium

556 328 773 369 Contemplari
800 337 869 360 cum
893 328 995 360 beatis

555 376 592 408 In
621 380 792 418 conspectu
816 376 953 408 deitatis.

161 529 187 561 1.
216 529 298 568 Ave,
324 529 479 568 templum
503 530 576 561 Iesu
603 529 731 570 Christi,

210 575 317 614 Digna
341 577 456 608 tollere
480 576 572 608 fuisti

213 623 419 656 Miseriarum
445 624 589 666 gemitus,

214 671 298 703 Dum
326 670 413 704 facta
440 681 473 704 es
500 672 652 704 divinitus

179 765 185 771 .
214 739 299 770 Vera
323 740 426 769 mater
451 738 627 770 honestatis

215 786 425 825 summaeque
449 785 666 826 benignitatis7

212 834 261 866 Tu
286 833 450 865 laudanda
475 833 559 865 omni
584 828 673 873 hora,

212 880 390 914 Adoranda
415 881 484 913 sine
507 889 606 915 mora.

180 1050 189 1057 .
215 1025 296 1063 Ave,
321 1026 436 1064 puteus
462 1033 616 1064 aquarum

215 1073 264 1104 Tu
290 1072 428 1104 omnium
453 1072 638 1113 gratiarum5

214 1119 298 1152 Mihi
322 1128 449 1160 semper
474 1120 664 1152 administra

214 1167 309 1199 Dona
332 1168 480 1207 pelleque
504 1167 644 1200 sinistra.

182 1262 189 1269 .
215 1234 310 1277 Ecce,
338 1234 381 1266 ad
405 1237 438 1265 te
464 1232 620 1274 confugio,

216 1282 327 1322 Virgo,
352 1290 424 1314 mea
448 1282 592 1322 salvatio,

219 1329 298 1370 Spes
324 1329 437 1361 salutis
464 1333 495 1361 et
519 1330 640 1370 veniae,

216 1378 324 1409 Mater
349 1377 598 1411 misericordiae.

182 1470 189 1477 .
216 1444 317 1477 Serva
338 1444 380 1476 ad
404 1447 437 1475 te
462 1443 646 1485 fugientem,

217 1491 314 1524 Salva
337 1492 370 1523 in
396 1494 429 1523 te
455 1490 674 1535 confidentem,

216 1540 303 1572 Tene
327 1539 387 1571 tibi
410 1539 672 1580 commendatum

215 1588 305 1620 Leva
329 1596 456 1619 servum
482 1591 735 1628 conquassatum.

179 1682 186 1689 .
214 1655 306 1687 Dono
330 1657 410 1686 tuae
433 1655 564 1695 pietatis

216 1703 292 1742 Fac,
318 1705 355 1734 ut
378 1703 486 1735 solvar
511 1713 529 1735 a
554 1704 695 1743 peccatis

213 1751 256 1783 Et
282 1759 300 1782 a
326 1751 447 1794 poenis,
475 1760 552 1791 quas
576 1752 688 1792 merui,

215 1798 335 1838 Quibus
358 1799 576 1839 perpetrando
602 1800 661 1833 rui.

181 1892 188 1899 .
215 1868 319 1905 Super
344 1875 452 1898 omnes
477 1870 510 1899 te
534 1867 644 1907 adoro,

215 1914 319 1954 Super
343 1923 451 1946 omnes
476 1918 509 1947 te
531 1915 678 1956 imploro,

215 1963 265 1995 Tu
291 1970 324 1993 es
352 1962 434 1994 enim
462 1963 631 2006 potentior,

214 2011 306 2043 Inter
330 2019 439 2042 omnes
464 2010 640 2044 sublimior.

164 2079 190 2111 ''.
217 2077 334 2110 Nullus
360 2078 443 2109 enim
469 2076 691 2116 confundetur,

215 2125 276 2165 Qui
298 2128 332 2157 te
356 2129 459 2167 rogat,
484 2135 549 2158 non
573 2127 739 2170 perdetur,

214 2173 274 2215 Qui
299 2182 335 2205 se
358 2174 419 2206 tibi
446 2174 690 2219 commendabit,

214 2224 299 2257 Vere
324 2225 430 2254 tecum
456 2223 674 2263 conregnabit.

178 2318 185 2326 .
213 2290 273 2331 Qui
298 2293 330 2322 te
354 2290 520 2323 invocabit
543 2299 633 2335 pure,

211 2338 396 2372 Salvabitur
418 2348 494 2373 vero
516 2340 596 2380 iure,

210 2388 336 2420 Nomen
360 2389 450 2421 tuum
473 2389 635 2422 invocare.

211 2438 284 2470 Hoc
309 2438 358 2468 est
383 2445 462 2477 opus
488 2436 639 2470 salutare.

760 462 834 496 VII.

841 530 871 562 3.

756 957 844 990 VIII.

866 1025 898 1057 8.

843 1445 898 1478 10.

844 1657 898 1690 11.

845 1868 899 1900 12.

841 2080 895 2113 13.

844 2293 897 2326 14.

898 530 984 569 Quae
1011 530 1066 560 das
1091 528 1190 569 lapsis
1216 528 1395 559 relevamen

898 577 942 609 Et
969 575 1102 608 infirmis
1127 576 1333 614 medicamen,

899 624 981 655 Mihi
1007 624 1090 656 dona
1115 623 1283 655 sanitatem

900 673 1006 711 Atque
1032 671 1137 704 cordis
1162 672 1343 710 puritatem.

866 762 873 769 .
902 738 962 770 Pro
987 747 1037 770 me
1062 746 1187 778 semper
1210 737 1385 775 intercede,

902 785 947 818 Ut
972 788 1004 817 et
1030 786 1159 818 caelesti
1182 787 1331 818 mercede

900 832 991 864 Ditet
1014 834 1101 866 Deus
1127 842 1197 865 cum
1221 833 1323 866 beatis

899 880 1008 921 Regno
1034 889 1110 913 suae
1136 881 1301 914 claritatis.

924 1024 1048 1056 Nomen
1073 1027 1163 1056 tuum
1189 1024 1281 1055 dulce
1305 1024 1399 1055 nimis

924 1071 1169 1103 Memorandum
1195 1075 1244 1103 est
1266 1071 1417 1112 imprimis

924 1119 989 1152 Ubi
1014 1127 1130 1151 nomen
1155 1123 1244 1151 tuum
1269 1122 1368 1160 sonat,

925 1168 1022 1208 Spem
1047 1167 1159 1199 salutis
1184 1176 1281 1199 verae
1307 1167 1414 1199 donat.

892 1260 898 1266 .
923 1235 947 1267 O
974 1235 1091 1274 Maria,
1117 1237 1220 1266 mater
1243 1234 1317 1272 Dei,

922 1282 1081 1315 Miserere
1106 1291 1231 1322 semper
1256 1283 1327 1314 mei.

924 1330 1017 1362 Tolle
1041 1340 1061 1362 a
1084 1338 1135 1361 me
1159 1330 1212 1363 hic
1234 1332 1410 1370 peccatum.

926 1377 1087 1418 Quidquid
1116 1378 1201 1409 male
1224 1380 1455 1418 perpetratum.

924 1445 987 1477 Per
1011 1448 1045 1477 te
1068 1453 1144 1476 vere
1168 1453 1220 1476 me
1244 1445 1362 1478 salvari

927 1493 1032 1527 Credo
1058 1495 1155 1532 atque
1178 1493 1334 1534 reparari,

923 1541 1011 1582 Ergo
1037 1549 1095 1583 pro
1121 1550 1172 1572 me
1195 1550 1274 1582 roga
1297 1541 1411 1582 Deum,

925 1589 972 1621 Ut
996 1589 1143 1622 absolvat
1168 1598 1259 1621 suum
1282 1598 1383 1621 reum.

924 1656 1053 1689 Exaudi
1077 1665 1128 1688 me
1154 1660 1186 1688 et
1208 1657 1335 1697 suscipe

924 1704 1042 1745 Meque
1068 1704 1240 1736 clementer
1265 1704 1390 1745 respice

924 1752 968 1785 Et
992 1753 1087 1785 visita
1110 1761 1162 1784 me
1186 1753 1345 1797 miserum,

926 1802 1121 1841 Oppressum
1144 1801 1227 1832 mole
1252 1802 1418 1835 scelerum.

924 1868 1008 1900 Nam
1034 1869 1062 1900 si
1085 1870 1121 1899 tu
1145 1877 1196 1900 me
1221 1869 1375 1909 visitabis2

925 1917 1094 1949 Visitando
1122 1925 1174 1947 me
1198 1917 1360 1958 purgabis,

925 1965 994 1996 Tua
1019 1965 1102 1996 enim
1127 1964 1268 1997 visitatio

924 2012 986 2045 Est
1009 2013 1165 2045 scelerum
1191 2012 1323 2046 ablutio.

923 2080 947 2113 Ο
975 2080 1104 2113 domina
1125 2080 1308 2112 veneranda

924 2128 1028 2169 Super
1053 2137 1162 2161 omnes
1182 2130 1216 2160 et
1238 2127 1385 2169 amanda,

926 2176 961 2209 Si
984 2186 1036 2209 me
1060 2176 1140 2209 velis
1165 2176 1328 2215 adiuvare,

927 2225 1004 2265 Quis
1028 2234 1080 2257 me
1106 2227 1198 2265 coget
1220 2222 1416 2264 desperare?

924 2293 986 2325 Ille
1010 2294 1116 2333 potest
1142 2292 1323 2334 desperare,

924 2341 983 2380 Qui
1008 2344 1042 2373 te
1065 2349 1129 2373 non
1154 2340 1223 2372 vult
1246 2339 1407 2371 invocare.

923 2390 1007 2422 Tota
1031 2389 1114 2421 enim
1140 2388 1225 2419 salus
1249 2390 1361 2419 nostra

922 2438 974 2470 Ex
999 2441 1032 2469 te
1056 2437 1126 2470 sola
1148 2438 1197 2468 est
1219 2444 1390 2476 progressa
