1651 2700
241 250 296 283 60.
322 249 444 292 Totam,
472 250 568 294 virgo,

238 659 290 691 61.

236 1067 291 1099 62.

232 1477 288 1509 63.

235 1885 289 1917 64.

237 2296 291 2329 65.

368 300 401 330 te
424 298 581 339 sapientia

321 345 533 379 Perlustravit

367 402 423 425 sua
445 393 597 434 potentia,

320 441 399 475 Cum
424 440 589 473 descendit

369 488 476 520 divina
499 487 602 527 gratia

318 536 357 568 In
379 538 412 566 te
434 536 613 566 monstrans

365 591 423 614 sua
444 581 611 621 magnalia.

318 659 452 691 Carnem
472 657 507 688 in
530 659 563 689 ‘ce

365 714 434 736 cum
461 703 604 737 Christus
628 704 742 743 induit,

317 752 406 784 Nihil
429 753 461 784 in
487 754 519 782 te

364 802 439 831 tune
463 799 538 832 boni
564 797 675 841 defuit,

317 847 490 887 Virginitas

363 898 419 926 tua
442 895 490 926 sie
511 892 630 935 floruit,

319 942 492 975 Creaturae

364 990 448 1030 quod
474 990 557 1021 omni
581 987 714 1030 profuit.

314 1067 423 1107 Virgo,
449 1069 504 1098 tuo

365 1114 523 1156 redempti
547 1122 678 1146 munere

317 1162 389 1194 Non
415 1170 572 1194 cessamus

361 1209 529 1248 psallendo
554 1209 691 1242 reddere

316 1256 431 1289 Grates
455 1256 515 1289 tibi

361 1313 420 1343 pro
445 1306 534 1337 tanto
559 1303 698 1348 foedere,

314 1351 381 1391 Quo
406 1361 463 1384 nos
489 1352 633 1392 Christus

363 1399 511 1440 dignatur
532 1400 647 1434 visere.

313 1476 413 1509 Natos
438 1479 521 1517 tuos,

364 1532 382 1555 o
406 1527 517 1566 mater,
544 1524 657 1568 libera,

314 1572 412 1611 Virgo
436 1579 567 1604 manens

362 1617 482 1650 Christi
504 1627 673 1660 puerpera,

315 1666 365 1698 Ne
388 1675 446 1698 nos
472 1666 601 1699 damnet

361 1712 481 1745 inferni
502 1714 623 1755 vipera,

316 1761 401 1800 Quae
425 1761 459 1792 in
483 1762 599 1794 multos

364 1810 492 1841 exercet
515 1809 647 1841 seelera.

314 1886 444 1924 Iamque
468 1885 514 1917 tui

362 1941 549 1965 sumussnos
574 1933 641 1972 filii,

315 1980 397 2020 Quos
423 1980 462 2012 de
485 1980 573 2013 luctu

362 2027 491 2060 trahens
515 2029 619 2061 exsilii

315 2074 484 2107 Reduxisti

362 2122 404 2154 ad
427 2123 571 2162 plausum
596 2125 704 2164 gaudii

315 2170 378 2202 Per
401 2169 544 2211 angelum

361 2218 468 2258 magni
493 2217 625 2249 consilii.

318 2295 414 2335 Virgo
439 2302 569 2327 manens

363 2344 396 2374 et
416 2345 519 2375 mater
542 2342 640 2386 regia,

317 2391 364 2423 Te
387 2390 512 2423 beatam

364 2437 506 2472 fatentur
531 2440 646 2481 omnia,

760 149 994 184 -72—

917 465 972 496 66.

915 873 968 906 67.

914 1285 968 1318 68.

911 1697 966 1731 69.

913 2109 967 2142 70.

997 244 1188 277 Meritorum

1044 293 1094 324 tot
1116 289 1288 331 pfivilegia

998 338 1173 379 Explicare

1044 385 1154 425 nequit
1177 383 1324 417 ecelesia.

998 462 1194 503 Angelorum

1044 509 1176 542 laudata
1199 509 1349 548 modulis,

998 557 1166 590 Universis

1044 603 1192 636 miranda
1216 604 1357 646 populiS,

996 652 1094 693 Virgo
1119 652 1242 684 eunetis

1044 700 1190 740 praelata
1215 699 1360 740 saecum,

995 748 1102 780 Vitam
1126 749 1189 781 tuis

1044 796 1174 836 acquire
1196 797 1340 829 servulis.

992 872 1190 905 Delietorum

1046 929 1228 960 compressa
1251 920 1396 961 pondere

994 968 1087 1001 Mens
1114 968 1252 1001 humana

1042 1016 1154 1056 nequit
1177 1014 1337 1056 sufficere,

995 1064 1124 1097 Laudes
1148 1066 1219 1096 tuas

1041 1115 1078 1144 ut
1101 1112 1204 1151 possit
1229 1111 1346 1152 dicere,

995 1160 1082 1199 Quae
1105 1168 1163 1192 nos
1188 1159 1271 1192 ditas

1045 1207 1153 1240 divino
1178 1216 1320 1241 munere.

995 1284 1044 1316 Tu
1068 1284 1203 1317 salutem

1041 1332 1179 1365 humano
1204 1334 1313 1374 generi

993 1379 1138 1413 Edidisti

1045 1429 1085 1461 de
1110 1428 1250 1461 elaustro
1274 1428 1368 1470 uteri,

993 1476 1058 1508 Per
1081 1479 1124 1517 te,
1151 1477 1251 1518 virgo,

1042 1524 1213 1557 vincuntur
1237 1523 1343 1569 inferi,

995 1571 1058 1603 Per
1082 1575 1116 1603 te
1140 1572 1282 1613 gaudent

1042 1619 1078 1651 in
1102 1621 1189 1653 caelo
1213 1620 1334 1655 miseri.

993 1696 1072 1729 Cum
1097 1700 1204 1730 creata

1039 1753 1100 1777 rex
1123 1744 1340 1788 benediceret,

993 1791 1083 1824 Tunc
1106 1793 1260 1836 providit,

1041 1841 1126 1880 quod
1150 1841 1184 1873 in
1208 1845 1241 1874 te
1264 1841 1358 1876 fieret

992 1886 1081 1920 Deus
1105 1888 1209 1931 homo,

1042 1937 1096 1976 qui
1120 1946 1178 1970 nos
1203 1938 1377 1972 redimeret

993 1984 1037 2016 Et
1060 1986 1208 2019 aeternos

1043 2032 1077 2065 in
1103 2032 1188 2067 bono
1213 2032 1346 2071 faceret.

993 2108 1166 2143 Benedixit

1042 2157 1076 2189 in
1100 2159 1132 2189 te
1156 2161 1234 2191 tuno
1258 2162 1373 2204 omnia,

993 2204 1045 2236 Ex
1070 2214 1133 2245 qua
1156 2207 1242 2238 salus

1042 2255 1075 2284 et
1096 2252 1253 2286 beneficia

994 2300 1225 2334 Processerunt

1043 2350 1075 2379 et
1098 2356 1176 2381 vera
1200 2351 1326 2394 gaudia,

994 2395 1144 2428 Paradisi

1041 2445 1154 2483 portus
1180 2447 1211 2477 et
1238 2446 1349 2486 gloria.
