1651 2700
184 444 240 475 45.

186 679 239 710 50.

187 914 242 944 55.

188 1148 244 1180 60.

185 1384 238 1415 65.

187 1619 241 1650 70.

186 1853 241 1885 75.

186 2090 243 2122 80.

686 153 947 189 -124—

265 252 361 285 Fiant
385 254 532 293 planctus
558 255 591 283 et
612 252 745 284 lacrima

264 300 368 333 Nobis
394 300 527 332 dulcedo
551 300 699 338 maxima,

268 347 410 380 Gemitus
433 350 465 378 et
486 347 624 386 suspiria

264 396 333 427 Fac
354 395 448 426 nobis
473 402 542 425 esse
564 393 691 434 gaudia.

263 442 369 474 Labor
394 443 437 474 sit
459 441 552 472 nobis
576 440 701 480 requies

266 491 317 522 Ac
339 489 505 521 thesaurus
527 487 708 527 pauperies,

267 537 382 568 Fames
406 537 447 567 sit
473 534 563 566 nobis
588 533 719 576 fercula,

269 583 345 615 Sitis
371 583 414 614 sit
436 581 527 613 nobis
551 581 677 622 pocula,

267 630 316 662 Sit
336 630 429 661 nobis
453 629 550 660 vestis
574 637 718 667 pannosa

269 676 380 709 Carior
409 684 501 716 quam
525 676 677 715 pretiosa,

266 723 333 755 Nos
360 724 494 754 delectet
519 722 591 755 vilis
616 725 718 754 status

265 771 341 803 Plus
362 778 454 809 quam
472 769 577 801 mollis
596 773 628 801 et
651 773 790 806 ornatus,

266 817 366 849 Nobis
391 817 456 848 vile
480 817 637 857 tugurium

265 865 315 897 Sit
333 865 440 904 regale
463 863 627 903 palatium.

269 911 398 943 Gloriae
424 910 595 943 declinatio

266 958 314 990 Sit
336 962 445 990 nostra
470 958 626 1002 gloriatio,

264 1005 447 1044 Voluptatis
470 1005 614 1045 expulsio

265 1052 314 1084 Sit
337 1057 448 1085 nostra
473 1053 652 1092 delectatio,

267 1099 378 1132 Carnis
403 1099 589 1132 morificatio

271 1146 322 1179 Sit
344 1148 458 1178 mentis
483 1148 650 1187 vegetatio,

265 1194 334 1225 Fac
356 1203 413 1225 nos
438 1194 555 1226 amicos
580 1193 723 1225 hostibus

263 1241 448 1273 Mansuetus
473 1241 665 1281 crudelibus,

266 1288 394 1320 Servire
417 1288 643 1329 saevientibus,

266 1335 442 1367 Subvenire
465 1335 664 1372 nocentibus,

263 1382 329 1414 Nos
354 1383 459 1414 omnia
483 1381 536 1414 fac
558 1381 711 1416 omnibus.

265 1429 480 1470 Contemptus.
500 1429 627 1469 probra,
646 1430 792 1470 verbera,

267 1477 377 1509 Victus
404 1480 434 1508 et
461 1477 559 1508 vestis
583 1484 708 1517 aspera,

266 1524 395 1564 Frigus,
418 1527 525 1555 aestus
549 1527 582 1554 et
606 1528 714 1555 cetera

267 1571 482 1602 Adversitatis
506 1579 623 1611 genera

266 1618 329 1650 Per
353 1626 388 1648 se
410 1619 475 1649 sint
498 1618 590 1649 nobis
612 1627 778 1657 prospera.

267 1665 350 1696 Nam
374 1664 403 1695 si
428 1674 505 1695 crux
528 1666 639 1696 mundi
663 1666 760 1696 totius

265 1711 362 1743 Esset
385 1711 447 1743 viri
473 1720 549 1743 crux
573 1713 676 1753 unius,

267 1758 301 1790 Si
327 1758 375 1790 vir
397 1767 477 1790 unus
501 1762 611 1798 posset
633 1758 719 1790 ferre

266 1806 402 1837 Poenam
422 1806 505 1847 Orci,
522 1814 658 1846 poenam
674 1809 789 1847 terrae,

266 1852 357 1884 Nihil
382 1851 451 1885 fere
473 1856 647 1894 pateretur,

268 1899 302 1931 Si
328 1899 453 1933 Christo
479 1904 725 1945 compararetur,

266 1947 350 1979 Nam
373 1948 490 1979 collata
514 1948 634 1980 Christi
657 1950 768 1988 poenis

266 1995 373 2026 Poena
397 1995 556 2035 quaelibet
581 2000 630 2028 est
653 1997 742 2029 lenis.

265 2041 334 2073 Nos
358 2050 433 2082 ergo
457 2041 510 2073 fac
533 2044 651 2076 mundo
675 2045 757 2076 mori

267 2088 313 2120 Et
336 2089 444 2121 vivere
468 2091 614 2131 creatori,

267 2135 321 2167 Sic
345 2136 430 2168 vitiis
456 2145 617 2178 exuamur,

267 2184 313 2216 Ut
338 2184 450 2224 gratiis
474 2184 643 2217 induamur

887 345 944 378 85.

886 628 942 660 90.

886 864 941 896 95.

864 1100 941 1133 100.

866 1338 943 1369 105.

864 1572 943 1605 110.

864 1808 941 1841 115.

865 2046 944 2078 120.

966 249 1012 281 Et
1034 249 1159 289 gaudiis
1182 250 1373 289 repleamur.

968 297 1130 336 Pauperes
1155 295 1341 336 efficiamur,

970 343 1016 376 Ut
1041 343 1138 375 ditari
1158 352 1337 376 mereamur

967 390 1011 422 Et
1035 392 1174 422 aeternis
1197 389 1411 431 perfruamur.

968 438 1085 477 Omne,
1126 439 1210 478 quod
1249 442 1296 471 est
1331 440 1450 470 mundo

1245 484 1371 527 festum,

969 532 1037 564 Fac
1060 531 1153 564 nobis
1178 541 1248 564 esse
1272 533 1449 573 molestum,

967 579 1102 611 Brevem
1128 580 1239 611 mundi
1263 580 1418 611 laetitiam

967 626 1162 667 Reputemus
1185 627 1358 668 tristitiam,

969 673 1106 705 Stultam
1136 674 1247 705 mundi
1271 675 1474 713 pru-dentiam

969 721 1150 753 Iudicemus
1173 721 1341 765 insaniam,

968 768 1113 800 Letalem
1136 769 1248 801 mundi
1271 769 1405 808 gloriam

968 816 1126 848 Vocemus
1150 816 1367 856 ignominiam,

968 861 1129 895 Fallacem
1154 864 1266 896 mundi
1291 864 1413 904 copiam

968 910 1175 942 Nominemus
1195 911 1349 951 inopiam.

968 957 1018 989 Sit
1041 967 1142 990 vanae
1166 958 1271 990 laudis
1296 959 1400 990 oleum

968 1005 1072 1037 Nobis
1096 1006 1184 1037 virus
1207 1006 1384 1046 vipereum,

969 1053 1060 1091 Quod
1080 1056 1129 1083 e-st
1143 1053 1262 1085 mundo
1279 1057 1473 1091 nectareum,

968 1100 1038 1132 Fac
1059 1099 1153 1131 nobis
1176 1108 1246 1131 esse
1269 1098 1411 1132 felleum.

968 1147 1061 1185 Quod
1075 1149 1124 1178 est
1135 1148 1252 1179 mundo
1265 1147 1468 1190 luminosum,

969 1193 1044 1225 Fiat
1066 1194 1159 1226 nobis
1184 1196 1397 1235 tenebrosum,

969 1242 1060 1281 Quod
1086 1245 1133 1272 est
1153 1243 1271 1274 mundo
1287 1243 1474 1283 pretiosum,

969 1288 1037 1320 Fac
1059 1289 1152 1320 nobis
1178 1297 1248 1320 esse
1271 1290 1472 1328 probrosum.

970 1336 1057 1367 Deus
1082 1336 1126 1367 sit
1149 1335 1241 1368 nobis
1267 1338 1383 1376 omnia,

965 1383 1131 1416 Vilescant
1155 1383 1248 1415 nobis
1272 1384 1347 1424 alia,

967 1430 1052 1461 Nam
1077 1431 1214 1462 creatori
1239 1431 1356 1463 collata

969 1477 1060 1509 Nihil
1084 1483 1157 1509 sunt
1184 1482 1297 1510 cuncta
1322 1481 1439 1513 creata..

967 1524 1055 1565 Ergo
1078 1535 1137 1556 nos
1162 1534 1271 1557 omnes
1295 1529 1329 1557 et
1349 1529 1435 1558 totos

968 1572 1020 1603 Ab
1047 1573 1132 1603 omni
1157 1573 1289 1605 crimine
1312 1574 1395 1605 lotos

970 1618 1036 1650 Soli
1061 1620 1129 1651 Deo
1154 1619 1208 1651 fac
1232 1621 1377 1661 devotos,

969 1666 1084 1698 Omnes
1109 1675 1220 1698 sensus
1247 1668 1440 1707 corporales,

971 1713 1086 1745 Omnes
1111 1722 1222 1746 sensus
1247 1715 1420 1756 spiritales,

971 1759 1078 1802 Virgo,
1105 1761 1208 1793 redde
1230 1763 1414 1802 virginales.

966 1806 1035 1839 Fac
1058 1817 1115 1840 nos
1139 1811 1281 1849 peccatis
1304 1811 1412 1851 irasci,

967 1854 1036 1886 Fac
1059 1864 1116 1887 nos
1140 1857 1289 1889 lamentis
1314 1858 1450 1899 renasci,

968 1902 1125 1947 Gaudere,
1153 1905 1270 1946 potari,
1295 1905 1396 1945 pasci,

967 1950 1115 1992 Renasci,
1141 1951 1348 1992 rebaptizari,

969 1997 1097 2038 Satiari,
1124 2000 1267 2032 debriari

969 2046 1039 2078 Fae
1060 2055 1120 2077 nos
1142 2046 1221 2078 fietu
1243 2048 1389 2080 salutari.

970 2093 1038 2125 Nos
1062 2094 1203 2126 lacrimis
1227 2096 1404 2135 rebaptiza,

968 2140 1072 2172 Nobis
1097 2143 1221 2174 caelum
1245 2143 1438 2184 thesauriza,

969 2187 1037 2219 Nos
1068 2188 1102 2220 in
1126 2198 1258 2229 regnum
1282 2190 1474 2225 inthroniza..

250 2277 319 2304 Cod.
345 2277 472 2305 Parisiu.
496 2277 545 2309 (01.
569 2278 720 2305 victoum
748 2277 855 2307 15163.
887 2288 962 2308 saec.
991 2279 1035 2308 15.
1063 2295 1102 2300 ——-
1127 2280 1173 2309 76.
1194 2287 1418 2320 compateretur.
1438 2299 1477 2303 —

170 2314 346 2343 Aufschrift:
376 2313 503 2351 „Incipit
522 2318 625 2344 oratio.
659 2316 833 2352 ‚specialiter
852 2320 989 2355 congruit
1006 2318 1181 2355 religiosisf‘
